@book {Godement,
    AUTHOR = {Godement, Roger},
     TITLE = {Topologie alg\'ebrique et th\'eorie des faisceaux},
    SERIES = {Actualit'es Sci. Ind. No. 1252. Publ. Math. Univ. Strasbourg.
              No. 13 },
 PUBLISHER = {Hermann, Paris},
      YEAR = {1958},
     PAGES = {viii+283},
   MRCLASS = {55.00},
  MRNUMBER = {0102797 (21 \#1583)},
MRREVIEWER = {R. Deheuvels},
}

@article {Lawvere,
    AUTHOR = {Lawvere, F. William},
     TITLE = {Functorial semantics of algebraic theories and some algebraic
              problems in the context of functorial semantics of algebraic
              theories},
      NOTE = {Reprinted from Proc. Nat. Acad. Sci. U.S.A. {{\bf{5}}0}
              (1963), 869--872 [MR0158921] and {{\i}t Reports of the Midwest
              Category Seminar. II}, 41--61, Springer, Berlin, 1968
              [MR0231882]},
   JOURNAL = {Repr. Theory Appl. Categ.},
  FJOURNAL = {Reprints in Theory and Applications of Categories},
    NUMBER = {5},
      YEAR = {2004},
     PAGES = {1--121},
   MRCLASS = {18C50},
  MRNUMBER = {2118935},
}

@book {Manes,
    AUTHOR = {Manes, Ernest G.},
     TITLE = {Algebraic theories},
      NOTE = {Graduate Texts in Mathematics, No. 26},
 PUBLISHER = {Springer-Verlag, New York-Heidelberg},
      YEAR = {1976},
     PAGES = {vii+356},
   MRCLASS = {18C10 (02H10 08A15)},
  MRNUMBER = {0419557 (54 \#7578)},
MRREVIEWER = {J. R. Isbell},
}

@article{Aczel,
author={Aczel, Peter},
title={A general {C}hurch-{R}osser Theorem},
journal={\url{http://www.ens-lyon.fr/LIP/REWRITING/MISC/AGeneralChurch-RosserTheorem.pdf}},
year={1978}
}

@incollection {Barendregt92,
    AUTHOR = {Barendregt, H. P.},
     TITLE = {Lambda calculi with types},
 BOOKTITLE = {Handbook of logic in computer science, {V}ol.\ 2},
    SERIES = {Handb. Log. Comput. Sci.},
    VOLUME = {2},
     PAGES = {117--309},
 PUBLISHER = {Oxford Univ. Press},
   ADDRESS = {New York},
      YEAR = {1992},
   MRCLASS = {03B40 (03-02 03B15 03B20)},
  MRNUMBER = {1381697 (97m:03026)},
MRREVIEWER = {Mariangiola Dezani-Ciancaglini},
}


@book {Barendregt,
    AUTHOR = {Barendregt, H. P.},
     TITLE = {The lambda calculus},
    SERIES = {Studies in Logic and the Foundations of Mathematics},
    VOLUME = {103},
   EDITION = {Revised},
      NOTE = {Its syntax and semantics},
 PUBLISHER = {North-Holland Publishing Co., Amsterdam},
      YEAR = {1984},
     PAGES = {xv+621},
      ISBN = {0-444-86748-1; 0-444-87508-5},
   MRCLASS = {03B40 (03-02)},
  MRNUMBER = {774952},
}


@book {Bibliopolis,
    AUTHOR = {Martin-L{\"o}f, Per},
     TITLE = {Intuitionistic type theory},
    SERIES = {Studies in Proof Theory. Lecture Notes},
    VOLUME = {1},
      NOTE = {Notes by Giovanni Sambin},
 PUBLISHER = {Bibliopolis, Naples},
      YEAR = {1984},
     PAGES = {iv+91},
      ISBN = {88-7088-105-9},
   MRCLASS = {03B15 (03F50 03F55)},
  MRNUMBER = {769301 (86j:03005)},
MRREVIEWER = {M. M. Richter},
}

@article {Kleisli,
    AUTHOR = {Kleisli, H.},
     TITLE = {Every standard construction is induced by a pair of adjoint
              functors},
   JOURNAL = {Proc. Amer. Math. Soc.},
  FJOURNAL = {Proceedings of the American Mathematical Society},
    VOLUME = {16},
      YEAR = {1965},
     PAGES = {544--546},
      ISSN = {0002-9939},
   MRCLASS = {18.10},
  MRNUMBER = {0177024 (31 \#1289)},
MRREVIEWER = {P. J. Huber},
}


@article {Nie2008,
    AUTHOR = {Nie, Zhaohu},
     TITLE = {Karoubi's construction for motivic cohomology operations},
   JOURNAL = {Amer. J. Math.},
  FJOURNAL = {American Journal of Mathematics},
    VOLUME = {130},
      YEAR = {2008},
    NUMBER = {3},
     PAGES = {713--762},
      ISSN = {0002-9327},
     CODEN = {AJMAAN},
   MRCLASS = {14F42},
  MRNUMBER = {MR2418926},
}


@incollection {FPT,
    AUTHOR = {Fiore, Marcelo and Plotkin, Gordon and Turi, Daniele},
     TITLE = {Abstract syntax and variable binding (extended abstract) ({W}arning: the paper uses the name ``presheaves'' for covariant functors to the category of sets)},
 BOOKTITLE = {14th {S}ymposium on {L}ogic in {C}omputer {S}cience ({T}rento,
              1999)},
     PAGES = {193--202},
 PUBLISHER = {IEEE Computer Soc., Los Alamitos, CA},
      YEAR = {1999},
   MRCLASS = {68Q65},
  MRNUMBER = {1943414},
       DOI = {10.1109/LICS.1999.782615},
       URL = {http://dx.doi.org/10.1109/LICS.1999.782615},
}


@misc{fiore_cwf,
    author = {Fiore, Marcelo},
    title = {Discrete Generalised Polynomial Functors},
    year = {2012},
    note = {Slides from talk given at ICALP 2012, \url{http://www.cl.cam.ac.uk/~mpf23/talks/ICALP2012.pdf}}
}

	

@article {traverso,
    AUTHOR = {Greco, S. and Traverso, C.},
     TITLE = {On seminormal schemes},
   JOURNAL = {Compositio Math.},
  FJOURNAL = {Compositio Mathematica},
    VOLUME = {40},
      YEAR = {1980},
    NUMBER = {3},
     PAGES = {325--365},
      ISSN = {0010-437X},
     CODEN = {CMPMAF},
   MRCLASS = {14M05 (14B99)},
  MRNUMBER = {MR571055 (81j:14030)},
MRREVIEWER = {S. L. Kleiman},
}
		

@article {puppemonoid,
    AUTHOR = {Puppe, Dieter},
     TITLE = {A theorem on semi-simplicial monoid complexes},
   JOURNAL = {Ann. of Math. (2)},
  FJOURNAL = {Annals of Mathematics. Second Series},
    VOLUME = {70},
      YEAR = {1959},
     PAGES = {379--394},
      ISSN = {0003-486X},
   MRCLASS = {55.99},
  MRNUMBER = {MR0123321 (23 \#A649)},
MRREVIEWER = {J. C. Moore},
}



@article {MVWart,
    AUTHOR = {Mazza, Carlo and Voevodsky, Vladimir and Weibel, Charles},
     TITLE = {Lecture notes on motivic cohomology},
    SERIES = {Clay Mathematics Monographs},
    VOLUME = {2},
 PUBLISHER = {American Mathematical Society},
   ADDRESS = {Providence, RI},
      YEAR = {2006},
     PAGES = {xiv+216},
      ISBN = {978-0-8218-3847-1; 0-8218-3847-4},
   MRCLASS = {14F42 (19E15)},
  MRNUMBER = {MR2242284 (2007e:14035)},
MRREVIEWER = {Thomas Geisser},
}




@book {MVW,
    AUTHOR = {Mazza, Carlo and Voevodsky, Vladimir and Weibel, Charles},
     TITLE = {Lecture notes on motivic cohomology},
    SERIES = {Clay Mathematics Monographs},
    VOLUME = {2},
 PUBLISHER = {American Mathematical Society},
   ADDRESS = {Providence, RI},
      YEAR = {2006},
     PAGES = {xiv+216},
      ISBN = {978-0-8218-3847-1; 0-8218-3847-4},
   MRCLASS = {14F42 (19E15)},
  MRNUMBER = {MR2242284 (2007e:14035)},
MRREVIEWER = {Thomas Geisser},
}



@BOOK{Motives,
AUTHOR={},
TITLE={Motives},
SERIES={Proc. of Symp. in Pure Math.},
VOLUME={54-55},
PUBLISHER={AMS},
YEAR={1994}}

@ARTICLE{Arlet,
AUTHOR={D. Arlettaz},
TITLE={The order of the differentials in the {A}tiyah-{H}irzebruch
spectral sequence},
JOURNAL={{$K$}-theory},
VOLUME={6},
YEAR={1992},
PAGES={347-361}}

@BOOK{Artin,

AUTHOR={M. Artin},
TITLE={Grothendieck topologies},
PUBLISHER={Harvard Univ.},
ADDRESS={Cambridge},
YEAR={1962}}

@BOOK{AM,

AUTHOR={M. Artin and B. Mazur},
TITLE={Etale homotopy},
PUBLISHER={Springer},
ADDRESS={Heidelberg},
YEAR={1969},
SERIES={Lecture Notes in Math. 100}}

@INCOLLECTION{BT,
AUTHOR={H. Bass and J. Tate},
TITLE={The {M}ilnor ring of a global field},
BOOKTITLE={{$K$}-theory {II}},
PAGES={349-446},
SERIES={Lecture Notes in Math.},
VOLUME={342},
PUBLISHER={Springer-Verlag},
YEAR={1973}}



@incollection {A100,
    AUTHOR = {Be{\u\i}linson, A. A. and Bernstein, J. and Deligne, P.},
     TITLE = {Faisceaux pervers},
 BOOKTITLE = {Analysis and topology on singular spaces, I (Luminy, 1981)},
     PAGES = {5--171},
 PUBLISHER = {Soc. Math. France},
   ADDRESS = {Paris},
      YEAR = {1982},
   MRCLASS = {32C38},
  MRNUMBER = {86g:32015},
MRREVIEWER = {Zoghman Mebkhout},
}

@ARTICLE{Notes,
AUTHOR={A. Beilinson and R. MacPherson and V. Schechtman},
TITLE={Notes on motivic cohomology},
JOURNAL={Duke Math. J.},
YEAR={1987},
PAGES={679-710}}

@INCOLLECTION{pairing,
AUTHOR={A. Beilinson},
TITLE={Height pairing between algebraic cycles},
BOOKTITLE={{$K$}-theory, {A}rithmetic and {G}eometry.},
PAGES={1-26},
SERIES={Lecture Notes in Math.},
VOLUME={1289},
PUBLISHER={Springer-Verlag},
YEAR={1987}}

@INCOLLECTION{four,
AUTHOR={A. A. Beilinson and A. B. Goncharov and V. V. Schechtman and
A. N. Varchenko},
TITLE={Aomoto dilogarithms, mixed {H}odge structures and motivic
cohomology of pairs of triangles on the plane},
BOOKTITLE={The Grothendieck festchrift},
VOLUME={1},
PAGES={135-172},
PUBLISHER={Birkhauser},
ADDRESS={Boston},
YEAR={1990}}

@ARTICLE{Benson,
AUTHOR={D. J. Benson and M. Feshbach},
TITLE={Stable splittings for the classifying spaces of finite groups},
JOURNAL={Topology},
VOLUME={31},
YEAR={1992},
PAGES={157-176}}

@ARTICLE{Bloch2,
AUTHOR={S. Bloch},
TITLE={{$K_2$} of artinian {$\bf Q$}-algebras with applications to
algebraic cycles},
JOURNAL={Comm. Algebra},
VOLUME={3(5)},
YEAR={1975},
PAGES={405-428}}

@BOOK{Bloch3,
AUTHOR={S. Bloch},
TITLE={Lectures on algebraic cycles},
PUBLISHER={Duke Univ. Press},
YEAR={1980}}

@ARTICLE{SBloch,
AUTHOR={S. Bloch},
TITLE={Algebraic cycles and higher {$K$}-theory},
JOURNAL={Adv. in Math.},
VOLUME={61},
YEAR={1986},
PAGES={267-304}}

@ARTICLE{BK,
AUTHOR={S. Bloch and K. Kato},
TITLE={{$p$}-adic \`etale cohomology},
JOURNAL={Publ. Math. IHES},
VOLUME={63},
YEAR={1986},
PAGES={107-152}}   
		  
@ARTICLE{SBloch3,
AUTHOR={S. Bloch},
TITLE={Algebraic cycles and the {L}ie algebra of mixed {T}ate motives},
JOURNAL={JAMS},
VOLUME={4},
YEAR={1991},
PAGES={771-791}}

@ARTICLE{SBloch1,
AUTHOR={S. Bloch},
TITLE={The moving lemma for higher {C}how groups.},
JOURNAL={J. Algebr. Geom.},
VOLUME={3},
NUMBER={3},
PAGES={537-568},
YEAR={Feb. 1994}}

@ARTICLE{BL,
AUTHOR={Spencer Bloch and Stephen Lichtenbaum},
TITLE={A spectral sequence for motivic cohomology.},
JOURNAL={www.math.uiuc.edu/K-theory/062},
YEAR={1994}}

@ARTICLE{SBloch4,
AUTHOR={S. Bloch and I. Kriz},
TITLE={Mixed {T}ate motives},
JOURNAL={Ann. of Math.},
VOLUME={140},
YEAR={1994},
PAGES={557-605}}

@INCOLLECTION{Boardman,
AUTHOR={J. M. Boardman},
TITLE={The eightfold way to {BP}-operations},
BOOKTITLE={Current trends in algebraic topology},
PAGES={187-226},
PUBLISHER={AMS/CMS},
ADDRESS={Providence},
YEAR={1982}}



@article {Simone,
    AUTHOR = {Borghesi, Simone},
     TITLE = {Algebraic {M}orava {$K$}-theories},
   JOURNAL = {Invent. Math.},
  FJOURNAL = {Inventiones Mathematicae},
    VOLUME = {151},
      YEAR = {2003},
    NUMBER = {2},
     PAGES = {381--413},
      ISSN = {0020-9910},
     CODEN = {INVMBH},
   MRCLASS = {55N20 (14Fxx)},
  MRNUMBER = {1 953 263},
}


@BOOK{Bourbaki,
AUTHOR={N. Bourbaki},
TITLE={Algebre commutative},
PUBLISHER={Herman},
ADDRESS={Paris},
YEAR={1964}}

@book {Bourbaki.Sets,
    AUTHOR = {Bourbaki, Nicolas},
     TITLE = {Theory of sets},
    SERIES = {Elements of Mathematics (Berlin)},
      NOTE = {Reprint of the 1968 English translation [Hermann, Paris;
              MR0237342]},
 PUBLISHER = {Springer-Verlag, Berlin},
      YEAR = {2004},
     PAGES = {viii+414},
      ISBN = {3-540-22525-0},
   MRCLASS = {01A75},
  MRNUMBER = {2102219},
       DOI = {10.1007/978-3-642-59309-3},
       URL = {http://dx.doi.org/10.1007/978-3-642-59309-3},
}

@BOOK{BKan,
AUTHOR={A.K. Bousfield and D.M. Kan},
TITLE={Homotopy limits, completions and localizations},
SERIES={Lecture Notes in Math. 304},
PUBLISHER={Springer-Verlag},
YEAR={1972}}
		  
@ARTICLE{BF,
AUTHOR={A.K. Bousfield and E.M. Friedlander},
TITLE={Homotopy theory of {$\Gamma$}-spaces, spectra, and bisimplicial sets},
JOURNAL={Lecture Notes in Math. 658},
YEAR={1978},
PAGES={80-130}}

@ARTICLE{KSB,
AUTHOR={K.S. Brown},
TITLE={Abstract homotopy theory and generalized sheaf cohomology},
JOURNAL={Trans. AMS},
VOLUME={186},
YEAR={1973},
PAGES={419-458}}

@ARTICLE{KSB2,
AUTHOR={K.S. Brown and S.M. Gersten},
TITLE={Algebraic {$K$}-theory and generalizied sheaf cohomology},
JOURNAL={Lecture Notes in Math. 341},
PAGES={266-292},
YEAR={1973}}

@BOOK{CF,
AUTHOR={Pierre E. Conner and Edwin E. Floyd},
TITLE={The relation of cobordism to {$K$}-theory},
PUBLISHER={Springer},
ADDRESS={Heidelberg},
YEAR={1966},
SERIES={Lecture Notes in Math. 28}}

@ARTICLE{Dayton,
AUTHOR={B. Dayton},
TITLE={K-theory of tetrahedra},
JOURNAL={J. Algebra},
PAGES={129-144},
YEAR={1979}}
		  
@ARTICLE{Deligne,
AUTHOR={P. Deligne},
TITLE={La conjecture de {W}eil. {II}},
JOURNAL={Publ. Math. IHES, 52},
PAGES={5-136},
YEAR={1980}}

@BOOK{SGA4.5,

AUTHOR={P. Deligne and J.-F. Boutot and L. Illusie and J.-L. Verdier},
TITLE={Etale cohomologies (SGA 4 1/2)},
PUBLISHER={Springer},
ADDRESS={Heidelberg},
YEAR={1977},
SERIES={Lecture Notes in Math. 569}}

@INPROCEEDINGS{DelMilne,
AUTHOR={P. Deligne and J.S.Milne},
TITLE={Tannakian Categories.},
BOOKTITLE={Hodge cycles, motives and {S}himura varieties},
SERIES={Lecture Notes in Math. 900},
YEAR={1982},
PAGES={101-228}}

@INPROCEEDINGS{Delnotessub,
AUTHOR={Pierre Deligne},
TITLE={Voevodsky's lectures on
motivic cohomology 2000/2001},
BOOKTITLE={Algebraic Topology},
SERIES={Abel Symposia},
VOLUME={4},
YEAR={2009},
PUBLISHER={Springer},
PAGES={355-409}}





@incollection {MR2597743,
    AUTHOR = {Deligne, Pierre},
     TITLE = {Voevodsky's lectures on motivic cohomology 2000/2001},
 BOOKTITLE = {Algebraic topology},
    SERIES = {Abel Symp.},
    VOLUME = {4},
     PAGES = {355--409},
 PUBLISHER = {Springer, Berlin},
      YEAR = {2009},
   MRCLASS = {18-02 (14F42 19-02 55-02 57-02)},
  MRNUMBER = {2597743 (2011e:18002)},
       DOI = {10.1007/978-3-642-01200-6_12},
       URL = {http://dx.doi.org/10.1007/978-3-642-01200-6_12},
}



@ARTICLE{Dold,
AUTHOR={A. Dold},
TITLE={Homology of symmetric products},
JOURNAL={Ann. of Math},
VOLUME={68},
NUMBER={1},
YEAR={1958},
PAGES={54-80}}


@ARTICLE{DoldPuppe,
AUTHOR={A. Dold and D. Puppe},
TITLE={Homologie nicht-additiver {F}unctoren},
JOURNAL={Ann. Inst. Fourier},
VOLUME={11},
YEAR={1961},
PAGES={201-312}}

@ARTICLE{DoldL,
AUTHOR={A. Dold and R. Lashof},
TITLE={Principal quasi-fibrations and fiber homotopy equivalence of bundles},
JOURNAL={Illinois J. Math.},
VOLUME={3},
YEAR={1959},
PAGES={285-305}}

@ARTICLE{DT,
AUTHOR={A. Dold and R. Thom},
TITLE={Quasifaserungen und unendliche symmtrische {P}rodukte},
JOURNAL={Ann. of Math.},
VOLUME={67},
YEAR={1956},
PAGES={230-281}}
		  
@ARTICLE{DHK,
AUTHOR={W.G. Dwyer and P.S. Hirschhorn and D.M. Kan.},
TITLE={Model categories and general abstract homotopy theory},
JOURNAL={In preparation}}
		  

@ARTICLE{EM1,
AUTHOR={S. Eilenberg and S. MacLane},
TITLE={On the groups {$H(\Pi,n)$, I}},
JOURNAL={Ann. of Math.},
VOLUME={60},
NUMBER={1},
YEAR={1954},
PAGES={49-139}}

@ARTICLE{EM2,
AUTHOR={S. Eilenberg and S. MacLane},
TITLE={On the groups {$H(\Pi,n)$, II}: methods of computation},
JOURNAL={Ann. of Math.},
VOLUME={60},
NUMBER={1},
YEAR={1954},
PAGES={49-139}}

@INCOLLECTION{Ek,
AUTHOR={T. Ekedahl},
TITLE={On the adic formalism},
BOOKTITLE={The Grothendieck festchrift},
VOLUME={2},
PAGES={197-218},
PUBLISHER={Birkhauser},
ADDRESS={Boston},
YEAR={1990}}

@ARTICLE{F1,
AUTHOR={Eric M. Friedlander},
TITLE={ Algebraic cycles, {C}how varieties, and {L}awson homology.},
JOURNAL={Compositio Math.}, 
VOLUME={77},
PAGES={55-93},
YEAR={1991}}

@ARTICLE{FL,
AUTHOR={Eric M. Friedlander and H. Lawson},
TITLE={A theory of algebraic cocycles},
JOURNAL={Ann. of Math.},
VOLUME={136},
YEAR={1992},
PAGES={361-428}}

@ARTICLE{F-G,
AUTHOR={Eric M. Friedlander and O. Gabber},
TITLE={Cycle spaces and intersection theory},
JOURNAL={Topological methods in modern mathematics},
PAGES={325-370},
YEAR={1993}}

@ARTICLE{F-L2,
AUTHOR={Eric M. Friedlander and H. B. Lawson},
TITLE={A moving lemma for families of algebraic cycles},
JOURNAL={Preprint},
YEAR={1994}}

@ARTICLE{F-M2,
AUTHOR={Eric M. Friedlander and  B. Mazur},
TITLE={Correspondence homomorphisms for singular varieties},
JOURNAL={Annales d'Institut Fourier},
VOLUME={44},
PAGES={703-727},
YEAR={1994}
}

@BOOK{FM,
AUTHOR={Eric  M. Friedlander and B. Mazur},
TITLE={Filtrations on the homology of algebraic varieties},
SERIES={Memoir of the AMS},
VOLUME={529},
PUBLISHER={AMS},
ADDRESS={Providence, RI},
YEAR={1994}}

@ARTICLE{Eric,
AUTHOR={Eric M. Friedlander},
TITLE={Some computations of algebraic cycle homology},
JOURNAL={{$K$}-theory},
VOLUME={8},
PAGES={271-285},
YEAR={1994}}


@ARTICLE{F-L3,
AUTHOR={Eric M. Friedlander and H. B. Lawson},
TITLE={Duality for spaces of algebraic cycles},
JOURNAL={Preprint},
YEAR={1994}
}

@ARTICLE{F2,
AUTHOR={Eric M. Friedlander},
TITLE={Filtrations on algebraic cycles and homology},
JOURNAL={Ann.Sci.Ec.Norm.Sup.},
VOLUME={28},
NUMBER={3},
YEAR={1995},
PAGES={317-343}}

@ARTICLE{FV,
AUTHOR={Eric M. Friedlander and Vladimir Voevodsky},
TITLE={Bivariant cycle cohomology},
JOURNAL={\url{http://www.math.uiuc.edu/K-theory/75}},
YEAR={1995}}

@ARTICLE{F-V,
AUTHOR={Eric M. Friedlander and Vladimir Voevodsky},
TITLE={Bivariant cycle cohomology},
JOURNAL={www.math.uiuc.edu/K-theory/75},
YEAR={1995}}


@incollection {F-Vnew,
    AUTHOR = {Friedlander, Eric M. and Voevodsky, Vladimir},
     TITLE = {Bivariant cycle cohomology},
 BOOKTITLE = {Cycles, transfers, and motivic homology theories},
    SERIES = {Ann. of Math. Stud.},
    VOLUME = {143},
     PAGES = {138--187},
 PUBLISHER = {Princeton Univ. Press},
   ADDRESS = {Princeton, NJ},
      YEAR = {2000},
   MRCLASS = {14F43 (14C25)},
  MRNUMBER = {MR1764201},
}


@article {FS,
    AUTHOR = {Friedlander, Eric M. and Suslin, Andrei},
     TITLE = {The spectral sequence relating algebraic {$K$}-theory to
              motivic cohomology},
   JOURNAL = {Ann. Sci. \'Ecole Norm. Sup. (4)},
  FJOURNAL = {Annales Scientifiques de l'\'Ecole Normale Sup\'erieure.
              Quatri\`eme S\'erie},
    VOLUME = {35},
      YEAR = {2002},
    NUMBER = {6},
     PAGES = {773--875},
      ISSN = {0012-9593},
     CODEN = {ASENAH},
   MRCLASS = {14F42 (14C35 19E15)},
  MRNUMBER = {1 949 356},
}

@BOOK{PICC,
AUTHOR={R. Fritsch and R.A. Piccinini},
TITLE={Cellular structures in topology},
PUBLISHER={Cambridge Univ. Press},
ADDRESS={Cambridge},
YEAR={1990}}

@BOOK{FultMac,

AUTHOR={W. Fulton and R. Mac{P}herson},
TITLE={Catergorical framework for the study of singular spaces},
SERIES={Mem. AMS},
NUMBER={243},
PUBLISHER={AMS},
YEAR={1981}}

@BOOK{Fulton,

AUTHOR={W. Fulton},
TITLE={Intersection Theory},
PUBLISHER={Springer-Verlag},
ADDRESS={Berlin},
YEAR={1984}}

@book {GabZis,
    AUTHOR = {Gabriel, P. and Zisman, M.},
     TITLE = {Calculus of fractions and homotopy theory},
    SERIES = {Ergebnisse der Mathematik und ihrer Grenzgebiete, Band 35},
 PUBLISHER = {Springer-Verlag New York, Inc., New York},
      YEAR = {1967},
     PAGES = {x+168},
   MRCLASS = {55.40 (18.00)},
  MRNUMBER = {0210125 (35 \#1019)},
MRREVIEWER = {A. K. Bousfield},
}

@article {GL,
    AUTHOR = {Geisser, Thomas and Levine, Marc},
     TITLE = {The {B}loch-{$K$}ato conjecture and a theorem of
              {S}uslin-{V}oevodsky},
   JOURNAL = {J. Reine Angew. Math.},
  FJOURNAL = {Journal f\"ur die Reine und Angewandte Mathematik},
    VOLUME = {530},
      YEAR = {2001},
     PAGES = {55--103},
      ISSN = {0075-4102},
     CODEN = {JRMAA8},
   MRCLASS = {14Fxx (19-XX)},
  MRNUMBER = {1 807 268},
}
@article {GL2,
    AUTHOR = {Geisser, Thomas and Levine, Marc},
     TITLE = {The ${K}$-theory of fields in characteristic $p$},
   JOURNAL = {Invent. Math.},
  FJOURNAL = {Inventiones Mathematicae},
    VOLUME = {139},
      YEAR = {2000},
    NUMBER = {3},
     PAGES = {459--493},
      ISSN = {0020-9910},
     CODEN = {INVMBH},
   MRCLASS = {19D50 (14C15 19D45 19E08)},
  MRNUMBER = {2001f:19002},
MRREVIEWER = {Michel Gros},
}




@ARTICLE{Gillet,
AUTHOR={H. Gillet and  R. Thomason},
TITLE={The {$K$}-theory of strict hensel local rings and a theorem of {S}uslin},
JOURNAL={J.Pure Appl. Algebra},
VOLUME={34},
YEAR={1984},
PAGES={241-254}}

@BOOK{GJ,
AUTHOR={Paul G. Goerss and John F. Jardine},
TITLE={Simplicial Homotopy Theory},
PUBLISHER={Birkhauser},
YEAR={1999}}

@ARTICLE{Goncharov1,
AUTHOR={A. Goncharov},
TITLE={Geometry of configurations, polylogarithms and motivic cohomology.},
JOURNAL={Preprint (to appear in Adv. Math.)},
YEAR={1991}
}


@ARTICLE{GooL,
AUTHOR={T. G. Goodwillie and Stephen Lichtenbaum},
TITLE={A cohomological bound for the h-topology},
JOURNAL={Preprint},
YEAR={2000}
}





@article {Grayson,
    AUTHOR = {Grayson, Daniel R.},
     TITLE = {Weight filtrations via commuting automorphisms},
   JOURNAL = {$K$-Theory},
  FJOURNAL = {$K$-Theory. An Interdisciplinary Journal for the Development,
              Application, and Influence of $K$-Theory in the Mathematical
              Sciences},
    VOLUME = {9},
      YEAR = {1995 or {\em www.math.uiuc.edu/K-theory/003}},
    NUMBER = {2},
     PAGES = {139--172},
      ISSN = {0920-3036},
     CODEN = {KTHEEO},
   MRCLASS = {19D50},
  MRNUMBER = {96h:19001},
MRREVIEWER = {Steven E. Landsburg},
}



@INCOLLECTION{Standard,
AUTHOR={A. Grothendieck},
TITLE={Standard conjectures on algebraic cycles},
BOOKTITLE={Algebraic geometry. International Colloq., Tata Inst.,
		  Bombay 1968},
PAGES={193-199},
PUBLISHER={Oxford Univ. Press},
ADDRESS={London},
YEAR={1969}}

@INPROCEEDINGS{FGA,
AUTHOR={A. Grothendiek},
TITLE={Les schemas de {P}icard: theoremes d'existence},
BOOKTITLE={Seminaire Bourbaki},
YEAR={1961/62},
MONTH={n.232}}

@INPROCEEDINGS{FGA5,
AUTHOR={A. Grothendiek},
TITLE={Les schemas de {P}icard: theoremes d'existence},
BOOKTITLE={Seminaire Bourbaki},
YEAR={1961/62},
MONTH={n.232}}


@INPROCEEDINGS{FGA3,
AUTHOR={A. Grothendiek},
TITLE={Preschemas quotients},
BOOKTITLE={Seminaire Bourbaki},
YEAR={1960/61},
MONTH={n.212}}



@BOOK{EGA1,

AUTHOR={A. Grothendieck and J. Dieudonne},
TITLE={Le Langage des Schemas (EGA 1)},
PUBLISHER={Springer},
ADDRESS={Heidelberg},
YEAR={1971}}

@BOOK{EGA2,

AUTHOR={A. Grothendieck and J. Dieudonne},
TITLE={Etude Globale Elementaire de Quelques Classes de Morphismes (EGA 2)},
PUBLISHER={Publ. Math. IHES,8},
YEAR={1961}}

@BOOK{EGA3,

AUTHOR={A. Grothendieck and J. Dieudonne},
TITLE={Etude Cohomologique des Faisceaux Coherents (EGA 3)},
PUBLISHER={Publ. Math. IHES,11,17},
YEAR={1961,1963}}

@BOOK{EGA4,

AUTHOR={A. Grothendieck and J. Dieudonne},
TITLE={Etude Locale des Schemas et des Morphismes de Schemas (EGA 4)},
PUBLISHER={Publ. Math. IHES,20,24,28,32},
YEAR={1964-67}}


@BOOK{SGA1,

AUTHOR={A. Grothendieck},
TITLE={Revetements etale et groupe fondamental(SGA 1)},
PUBLISHER={Springer},
ADDRESS={Heidelberg},
YEAR={1971},
SERIES={Lecture Notes in Math. 224}}

@BOOK{SGA3,
AUTHOR={A. Grothendieck and M. Demazure},
TITLE={Schemas en groupes (SGA 3)},
PUBLISHER={Springer},
ADDRESS={Heidelberg},
YEAR={1970},
SERIES={Lecture Notes in Math. 151,152,153}} 

@BOOK{SGA31,
AUTHOR={A. Grothendieck and M. Demazure},
TITLE={Schemas en groupes (SGA 3)},
PUBLISHER={Springer},
ADDRESS={Heidelberg},
YEAR={1970},
SERIES={Lecture Notes in Math. 151}} 

@BOOK{SGA32,
AUTHOR={A. Grothendieck and M. Demazure},
TITLE={Schemas en groupes (SGA 3)},
PUBLISHER={Springer},
ADDRESS={Heidelberg},
YEAR={1970},
SERIES={Lecture Notes in Math. 152}} 

@BOOK{SGA33,
AUTHOR={A. Grothendieck and M. Demazure},
TITLE={Schemas en groupes (SGA 3)},
PUBLISHER={Springer},
ADDRESS={Heidelberg},
YEAR={1970},
SERIES={Lecture Notes in Math. 153}} 

@BOOK{SGA4,
AUTHOR={A. Grothendieck and M. Artin and J.-L. Verdier},
TITLE={Theorie des topos et cohomologie etale des schemas (SGA 4)},
PUBLISHER={Springer},
ADDRESS={Heidelberg},
YEAR={1972-73},
SERIES={Lecture Notes in Math. 269,270,305}} 


@article {HoveyStab,
    AUTHOR = {Hovey, Mark},
     TITLE = {Spectra and symmetric spectra in general model categories},
   JOURNAL = {J. Pure Appl. Algebra},
  FJOURNAL = {Journal of Pure and Applied Algebra},
    VOLUME = {165},
      YEAR = {2001},
    NUMBER = {1},
     PAGES = {63--127},
      ISSN = {0022-4049},
     CODEN = {JPAAA2},
   MRCLASS = {55P42 (14F35 14F42 55P43 55U35)},
  MRNUMBER = {MR1860878 (2002j:55006)},
MRREVIEWER = {J. P. C. Greenlees},
}

@article {Bousfield1977,
    AUTHOR = {Bousfield, A. K.},
     TITLE = {Constructions of factorization systems in categories},
   JOURNAL = {J. Pure Appl. Algebra},
  FJOURNAL = {Journal of Pure and Applied Algebra},
    VOLUME = {9},
      YEAR = {1976/77},
    NUMBER = {2},
     PAGES = {207--220},
      ISSN = {0022-4049},
   MRCLASS = {55J10},
  MRNUMBER = {MR0478159 (57 \#17648)},
MRREVIEWER = {Harold Hastings},
}

@book {Hovey,
    AUTHOR = {Hovey, Mark},
     TITLE = {Model categories},
    SERIES = {Mathematical Surveys and Monographs},
    VOLUME = {63},
 PUBLISHER = {American Mathematical Society},
   ADDRESS = {Providence, RI},
      YEAR = {1999},
     PAGES = {xii+209},
      ISBN = {0-8218-1359-5},
   MRCLASS = {55U35 (18D15 18G30 18G55)},
  MRNUMBER = {MR1650134 (99h:55031)},
MRREVIEWER = {Teimuraz Pirashvili},
}


@BOOK{Hartshorn,
AUTHOR={R. Hartshorne},
TITLE={Algebraic Geometry},
PUBLISHER={Springer-Verlag},
ADDRESS={Heidelberg},
YEAR={1971}}


@ARTICLE{Hir,
AUTHOR={H. Hironaka},
TITLE={Resolution of singularities of an algebraic variety over a field of
characteristic zero},
JOURNAL={Ann. of Math.},
VOLUME={79},
YEAR={1964},
PAGES={109-326}}


@book {Hirs,
    AUTHOR = {Hirschhorn, Philip S.},
     TITLE = {Model categories and their localizations},
    SERIES = {Mathematical Surveys and Monographs},
    VOLUME = {99},
 PUBLISHER = {American Mathematical Society},
   ADDRESS = {Providence, RI},
      YEAR = {2003},
     PAGES = {xvi+457},
      ISBN = {0-8218-3279-4},
   MRCLASS = {18G55 (55P60 55U35)},
  MRNUMBER = {MR1944041 (2003j:18018)},
MRREVIEWER = {David A. Blanc},
}




@ARTICLE{Hunton,
AUTHOR={J. R. Hunton},
TITLE={The {M}orava {$K$}-theories of wreath products},
JOURNAL={Math. Proc. Cambridge Phil. Soc.},
VOLUME={107},
YEAR={1990},
PAGES={309-318}}

@BOOK{Illusie,
AUTHOR={L. Illusie},
TITLE={Complexe Cotangent et Deformations I},
SERIES={Lecture Notes in Math.},
VOLUME={239},
PUBLISHER={Springer-Verlag},
YEAR={1971}}

@ARTICLE{Jannsen,
AUTHOR={U. Jannsen},
TITLE={Motives, numerical equivalence and semisimplicity},
JOURNAL={Inv. Math.},
YEAR={1992},
VOLUME={107},
NUMBER={3},
PAGES={447-452}}

@ARTICLE{J1,
AUTHOR={J.F. Jardine},
TITLE={Simplicial objects in a {G}rothendieck topos},
JOURNAL={Contemporary Math.},
VOLUME={55(1)},
YEAR={1986},
PAGES={193-239}}

@ARTICLE{J2,
AUTHOR={J.F. Jardine},
TITLE={Simplicial presheaves},
JOURNAL={J. Pure Appl. Algebra},
VOLUME={47},
YEAR={1987},
PAGES={35-87}}

@ARTICLE{J3,
AUTHOR={J.F. Jardine},
TITLE={Stable homotopy theory of simplicial presheaves},
JOURNAL={Canadian J. Math.},
VOLUME={39},
NUMBER={3},
YEAR={1987},
PAGES={733-747}}

@article {GJ0,
   AUTHOR = {Goerss, P. G. and Jardine, J. F.},
    TITLE = {Localization theories for simplicial presheaves},
  JOURNAL = {Canad. J. Math.},
   VOLUME = {50},
     YEAR = {1998},
   NUMBER = {5},
    PAGES = {1048--1089}}

@ARTICLE{Jouanolou,
AUTHOR={J.-P. Jouanolou},
TITLE={Une suite exacte de {M}ayer-{V}ietoris en {$K$}-theorie algebrique},
JOURNAL={Lecture Notes in Math.},
VOLUME={341},
PAGES={293-317},
YEAR={1973},
PUBLISHER={Springer-Verlag}}

@ARTICLE{Jo,
AUTHOR={A. Joyal},
TITLE={Letter to {A}. {G}rothendieck}}
		  


@article {Kahn,
    AUTHOR = {Kahn, Bruno},
     TITLE = {La conjecture de {M}ilnor (d'apr\`es {V}. {V}oevodsky)},
      NOTE = {S\'eminaire Bourbaki, Vol.\ 1996/97},
   JOURNAL = {Ast\'erisque},
  FJOURNAL = {Ast\'erisque},
    NUMBER = {245},
      YEAR = {1997},
     PAGES = {Exp.\ No.\ 834, 5, 379--418},
      ISSN = {0303-1179},
   MRCLASS = {19D45 (12G05 14C35)},
  MRNUMBER = {2000a:19002},
MRREVIEWER = {Adrian R. Wadsworth},
}

@ARTICLE{Karoubi1,
AUTHOR={M. Karoubi},
TITLE={Theorie de {Q}uillen et homologie du groupe orthogonal},
JOURNAL={Ann. of Math.},
VOLUME={112},
YEAR={1980},
PAGES={207-238}}

@ARTICLE{Karoubi2,
AUTHOR={M. Karoubi},
TITLE={La theoreme fondamantal de la {$K$}-theorie {H}ermitienne},
JOURNAL={Ann. of Math.},
VOLUME={112},
YEAR={1980},
PAGES={239-282}}

@ARTICLE{Karoubi3,
AUTHOR={M. Karoubi},
TITLE={Periodicite de la {$K$}-theorie {H}ermitienne},
JOURNAL={Lecture Notes in Math.},
VOLUME={343},
YEAR={1973},
PAGES={301-411}}

@ARTICLE{Karoubi4,
AUTHOR={M. Karoubi},
TITLE={Localization de formes quadratiques {I}},
JOURNAL={Ann. Sci. Ec. Norm. Sup.},
VOLUME={7},
YEAR={1974},
PAGES={359-404}}

@ARTICLE{Karoubi5,
AUTHOR={M. Karoubi},
TITLE={Localization de formes quadratiques {II}},
JOURNAL={Ann. Sci. Ec. Norm. Sup.},
VOLUME={8},
YEAR={1975},
PAGES={99-155}}

@ARTICLE{Karpenko,
AUTHOR={Karpenko, Nikita},
TITLE={Characterization of minimal {P}fister neighbors via {R}ost projectors},
JOURNAL={J. Pure Appl. Algebra},
VOLUME={160},
YEAR={2001},
PAGES={195-227}}

@ARTICLE{Kato,
AUTHOR={Kato, Kazuya},
TITLE={A generalization of local class field theory by using {K}-groups, {II}},
JOURNAL={J. Fac. Sci., Univ Tokyo},
VOLUME={27},
YEAR={1980},
PAGES={603-683}}


@INCOLLECTION{Kleiman2,
AUTHOR={S. Kleiman},
TITLE={Algebraic cycles and the Weil conjectures},
BOOKTITLE={Dix exposes sur la cohomologie des schemas},
PAGES={359-386},
PUBLISHER={North-Holland},
ADDRESS={Amsterdam},
YEAR={1968}}

@INPROCEEDINGS{Kleiman1,
AUTHOR={S. Kleiman},
TITLE={Motives},
BOOKTITLE={Algebraic geometry. Proceedings of Fifth Nordic
		  Summer-School in Math., Oslo 1970},
PUBLISHER={Wolters-Noordhoff},
YEAR={1970},
PAGES={53-82},
ADDRESS={Groningen}}


@ARTICLE{Kraines,
AUTHOR={D. Kraines},
TITLE={Massey higher products},
JOURNAL={Trans.AMS},
VOLUME={124},
YEAR={1966},
PAGES={431-449}}
		  
@ARTICLE{Kuhn,
AUTHOR={N. J. Kuhn},
TITLE={Morava {$K$}-theories of some classifying spaces},
JOURNAL={AMS Trans.},
VOLUME={304},
YEAR={1987},
PAGES={193-205}}

@BOOK{Lam,
AUTHOR={T. Y. Lam},
TITLE={The algebraic theory of quadratic forms},
PUBLISHER={The Benjamin/Cummings Publ.},
ADDRESS={Reading, MA},
YEAR={1973}}
		  
@ARTICLE{Lan,
AUTHOR={S. Landsburg},
TITLE={Relative cycles and algebraic {$K$}-theory},
JOURNAL={Amer. J. Math.},
VOLUME={111},
YEAR={1989},
PAGES={599-632}}


@ARTICLE{Lawson,
AUTHOR={H.B. Lawson},
TITLE={Algebraic cycles and homotopy theory},
JOURNAL={Ann. of Math.},
VOLUME={129},
YEAR={1989},
PAGES={599-632}}



@article {Lazard,
    AUTHOR = {Lazard, Michel},
     TITLE = {Lois de groupes et analyseurs},
   JOURNAL = {Ann. Sci. Ecole Norm. Sup. (3)},
    VOLUME = {72},
      YEAR = {1955},
     PAGES = {299--400},
   MRCLASS = {20.0X},
  MRNUMBER = {17,1053c},
MRREVIEWER = {C. Chevalley},
}


@ARTICLE{Levine2,
AUTHOR={M. Levine},
TITLE={Bloch's higher {C}how groups revisited},
JOURNAL={Preprint},
YEAR={1993}}

@ARTICLE{Levine1,
AUTHOR={M. Levine},
TITLE={Motivic cohomology and algebraic cycles: a categorical
construction, {I}},
JOURNAL={Preprint},
YEAR={1993}}

@ARTICLE{Licht,
AUTHOR={Stephen Lichtenbaum},
TITLE={Suslin homology and {D}eligne 1-motives},
JOURNAL={Preprint},
YEAR={1992}}

@INCOLLECTION{Licht2,
AUTHOR={Stephen Lichtenbaum},
TITLE={Values of zeta-functions at non-negative integers},
BOOKTITLE={Number theory},
PAGES={127-138},
SERIES={Lecture Notes in Math.},
VOLUME={1068},
PUBLISHER={Springer-Verlag},
YEAR={1983}}

@INCOLLECTION{Licht3,
AUTHOR={Stephen Lichtenbaum},
TITLE={New results on weight-two motivic cohomology},
BOOKTITLE={The Grothendieck festchrift},
VOLUME={3},
PAGES={35-55},
PUBLISHER={Birkhauser},
ADDRESS={Boston},
YEAR={1990}}

@ARTICLE{Loday1,
AUTHOR={J. L. Loday},
TITLE={Higher {W}itt groups: a survey},
JOURNAL={Lecture Notes in Math.},
VOLUME={551},
PAGES={311-335},
YEAR={1976}}

@ARTICLE{Manin,
AUTHOR={Yu. Manin},
TITLE={Motifs and monoidal transformations},
JOURNAL={Math. of the USSR - Sbornik},
YEAR={1968},
VOLUME={6},
NUMBER={4},
PAGES={439-470}}

@BOOK{McLane,
AUTHOR={S. MacLane},
TITLE={Homology},
PUBLISHER={Springer-Verlag},
YEAR={1963}}

@BOOK{MacLaneHomol,
AUTHOR={S. MacLane},
TITLE={Homology},
PUBLISHER={Springer-Verlag},
YEAR={1963}}

@BOOK{McLane2,
AUTHOR={S. MacLane},
TITLE={Categories for the working mathematician},
SERIES={Graduate texts in {M}athematics},
VOLUME={5},
PUBLISHER={Springer-Verlag},
YEAR={1971}}

@BOOK{MacLane,
AUTHOR={S. MacLane},
TITLE={Categories for the working mathematician},
SERIES={Graduate texts in {Mathematics}},
VOLUME={5},
PUBLISHER={Springer-Verlag},
YEAR={1971}}


@BOOK{MM,
AUTHOR={Saunders MacLane and Ieke Moerdijk},
TITLE={Sheaves in geometry and logic},
PUBLISHER={Springer-Verlag},
YEAR={1994}}

@BOOK{Margolis,
AUTHOR={H. R. Margolis},
TITLE={Spectra and {S}teenrod algebra},
PUBLISHER={North-Holland},
YEAR={1983}}

@BOOK{Matsumura,
AUTHOR={H. Matsumura},
TITLE={Commutative ring theory},
PUBLISHER={Cambridge University Press},
YEAR={1986}}


@BOOK{Ma,
AUTHOR={Peter May},
TITLE={Simplicial objects in algebraic topology},
PUBLISHER={Van Nostrand},
YEAR={1968}}




@article {MayTT,
    AUTHOR = {May, J. P.},
     TITLE = {The additivity of traces in triangulated categories},
   JOURNAL = {Adv. Math.},
  FJOURNAL = {Advances in Mathematics},
    VOLUME = {163},
      YEAR = {2001},
    NUMBER = {1},
     PAGES = {34--73},
      ISSN = {0001-8708},
     CODEN = {ADMTA4},
   MRCLASS = {18E30 (18D10)},
  MRNUMBER = {2002k:18019},
MRREVIEWER = {Paul Balmer},
}




@INCOLLECTION{Mayop,
AUTHOR={Peter May},
TITLE={A general algberaic approach to {S}teenrod operations},
BOOKTITLE={The {S}teenrod algebra and its applications},
PAGES={153-231},
SERIES={Lecture Notes in Math.},
VOLUME={168},
PUBLISHER={Springer-Verlag},
YEAR={1970}}		  

@BOOK{MW, 
AUTHOR={Vladimir Voevodsky Carlo Mazza and Charles Weibel},
TITLE={Lectures on motivic cohomology},
PUBLISHER={www.math.uiuc.edu/K-theory/486}, 
YEAR={2002}}


@ARTICLE{Merkurjev,
AUTHOR={Alexander Merkurjev},
TITLE={On the norm residue symbol of degree {2}},
JOURNAL={Sov. Math. Dokl.},
YEAR={1981},
PAGES={546-551}}
		  
@ARTICLE{MS1,
AUTHOR={Alexander Merkurjev and Andrei Suslin},
TITLE={{$K$}-cohomology of {S}everi-{B}rauer varieties and the norm
residue homomorphism},
JOURNAL={Math. USSR Izvestiya},
YEAR={1983},
VOLUME={21},
PAGES={307-340}}

@ARTICLE{MS2,
AUTHOR={Alexander Merkurjev and Andrei Suslin},
TITLE={The norm residue homomorphism of degree three},
JOURNAL={Math. USSR Izvestiya},
YEAR={1991},
VOLUME={36},
NUMBER={2},
PAGES={349-367}}

@BOOK{Miln,
AUTHOR={J.S. Milne},
TITLE={Etale Cohomology},
PUBLISHER={Princeton Univ. Press},
ADDRESS={Princeton, NJ},
YEAR={1980}}

@BOOK{Miln3,
AUTHOR={J.S. Milne},
TITLE={Arithmetic duality theorems},
PUBLISHER={Academic Press, Inc.},
ADDRESS={Boston},
YEAR={1986}}

@INCOLLECTION{Miln2,
AUTHOR={J.S. Milne},
TITLE={Jacobian varieties},
BOOKTITLE={Arithmetic geometry},
PUBLISHER={Springer-Verlag},
YEAR={1986},
ADDRESS={New York}}

@ARTICLE{Milnor,
AUTHOR={John Milnor},
TITLE={Algebraic {$K$}-theory and quadratic forms},
JOURNAL={Inv. Math.},
VOLUME={9},
YEAR={1970},
PAGES={318-344}}

@BOOK{Milnor2,
AUTHOR={John Milnor},
TITLE={Introduction to Algebraic {$K$}-theory},
PUBLISHER={Princeton Univ. Press},
ADDRESS={Princeton, NJ},
YEAR={1971}}

@ARTICLE{Milnor3,
AUTHOR={John Milnor},
TITLE={The {S}teenrod algebra and its dual},
JOURNAL={Annals of Math.},
VOLUME={67},
NUMBER={1},
YEAR={1958},
PAGES={150-171}}

@ARTICLE{Mitchell,
AUTHOR={S. A. Mitchell},
TITLE={Finite complexes with {$A(n)$}-free cohomology},
JOURNAL={Topology},
VOLUME={24},
YEAR={1985},
PAGES={227-248}}

@ARTICLE{Morel1,
AUTHOR={Fabien Morel},
TITLE={Suite spectrale d'{A}dams et invariants cohomologiques des formes quadratiques},
JOURNAL={C.R.Acad.Sci.Paris},
VOLUME={328},
SERIES={1},
PAGES={963-968},
YEAR={1999}}	

@ARTICLE{Morel2,
AUTHOR={Fabien Morel},
TITLE={Suite spectrale d'{A}dams et conjectures de {M}ilnor},
JOURNAL={www.math.jussieu.fr/morel},
YEAR={1999}}	

@ARTICLE{Mh,
AUTHOR={Fabien Morel},
TITLE={The homotopy t-structure of the stable homotopy category of schemes},
JOURNAL={www.math.jussieu.fr/morel},
YEAR={1999}}	

@article {MoVo,
    AUTHOR = {Morel, Fabien and Voevodsky, Vladimir},
     TITLE = {{${\bf A}\sp 1$}-homotopy theory of schemes},
   JOURNAL = {Inst. Hautes \'Etudes Sci. Publ. Math.},
  FJOURNAL = {Institut des Hautes \'Etudes Scientifiques. Publications
              Math\'ematiques},
    NUMBER = {90},
      YEAR = {1999},
     PAGES = {45--143 (2001)},
      ISSN = {0073-8301},
     CODEN = {PMIHA6},
   MRCLASS = {14F35 (19E08)},
  MRNUMBER = {MR1813224 (2002f:14029)},
MRREVIEWER = {Marc Levine},
}
		
	
@ARTICLE{Nagata,
AUTHOR={M. Nagata},
TITLE={Imbedding of an abstract variety in a complete variety},
JOURNAL={J. Math. Kyoto Univ.},
VOLUME={2},
YEAR={1962},
PAGES={1-10}}


@ARTICLE{Nakaoka1,
AUTHOR={M. Nakaoka},
TITLE={Cohomology mod p of symmetric products of spheres},
JOURNAL={J. of the Inst. Polytechnics at Osaka},
VOLUME={9},
NUMBER={1},
YEAR={1957},
PAGES={1-18}}

@ARTICLE{Nakaoka2,
AUTHOR={M. Nakaoka},
TITLE={Cohomology mod p of symmetric products of spheres II},
JOURNAL={J. of the Inst. Polytechnics at Osaka},
VOLUME={10},
NUMBER={2},
YEAR={1959},
PAGES={67-90}}

@ARTICLE{Nart,
AUTHOR={E. Nart},
TITLE={The {B}loch complex in codimension one and arithmetic duality},
JOURNAL={Journal of Number Theory},
VOLUME={32},
NUMBER={3},
YEAR={1989},
PAGES={321-331}}

@ARTICLE{Amnon1,
AUTHOR={Amnon Neeman},
TITLE={The {G}rothendieck duality theorem via {B}ousfield's techniques
and {B}rown representabilty},
JOURNAL={J. Amer. Math. Soc.},
VOLUME={9},
NUMBER={1},
PAGES={205-236},
YEAR={1996}
}

@BOOK{Nee,
AUTHOR={Amnon Neeman},
TITLE={Triangulated categories},
PUBLISHER={Princeton University Press},
SERIES={Ann. of Math. Studies},
VOLUME={148},
YEAR={2001}
}

@ARTICLE{NS,
AUTHOR={Yu. P. Nesterenko and A.Suslin},
TITLE={Homology of the general linear group over a local ring and
{M}ilnor {$K$}-theory}, 
JOURNAL={Izv. AN SSSR},
VOLUME={},
PAGES={},
YEAR={}}

@INCOLLECTION{Nisnevich,
AUTHOR={Y. Nisnevich},
TITLE={The completely decomposed topology on schemes and associated
descent spectral sequences in algebraic {$K$}-theory},
BOOKTITLE={Algebraic {$K$}-theory: connections with geometry and topology},
PUBLISHER={Kluwer Acad. Publ.},
YEAR={1989},
PAGES={241-342},
ADDRESS={Dordrecht}}

@ARTICLE{novikov,
AUTHOR={Sergei P. Novikov},
TITLE={Methods of algebraic topology from the point of view of cobordism theory ({R}ussian)}, 
JOURNAL={Izv. AN SSSR},
VOLUME={31},
PAGES={855-951},
YEAR={1967}}




@article {OVV,
    AUTHOR = {Orlov, D. and Vishik, A. and Voevodsky, V.},
     TITLE = {An exact sequence for {$K\sp M\sb \ast/2$} with applications
              to quadratic forms},
   JOURNAL = {Ann. of Math. (2)},
  FJOURNAL = {Annals of Mathematics. Second Series},
    VOLUME = {165},
      YEAR = {2007},
    NUMBER = {1},
     PAGES = {1--13},
      ISSN = {0003-486X},
     CODEN = {ANMAAH},
   MRCLASS = {19D45 (11E70 11E81)},
  MRNUMBER = {MR2276765 (2008c:19001)},
MRREVIEWER = {Jean-Pierre Tignol},
}
	


@ARTICLE{OVVold, AUTHOR={D. Orlov and A. Vishik and Vladimir Voevodsky},
TITLE={An exact sequence for {M}ilnor's {$K$}-theory with applications to
quadratic forms}, JOURNAL={www.math.uiuc.edu/K-theory/0454 (see also {\rm \url{http://arxiv.org/abs/math/0101023})}}, YEAR={2000}}

@ARTICLE{Oruc,
AUTHOR={M. Y. Oruc},
TITLE={The equivariant {S}teenrod algebra},
JOURNAL={Topology and its Applications},
VOLUME={32},
PAGES={77-108},
YEAR={1989}}

@ARTICLE{Pardon1,
AUTHOR={W. Pardon},
TITLE={The exact sequence of a localization for {W}itt groups},
JOURNAL={Lecture Notes in Math.},
VOLUME={551},
PAGES={336-379},
YEAR={1976}}
	  
@ARTICLE{Power,
AUTHOR={A. J. Power},
TITLE={A 2-categorical pasting theorem},
JOURNAL={Journal of Algebra},
VOLUME={129},
PAGES={439-445},
YEAR={1990}}

@BOOK{Quillen,
AUTHOR={D. Quillen},
TITLE={Homotopical algebra},
PUBLISHER={Springer-Verlag},
ADDRESS={Berlin},
YEAR={1973},
SERIES={Lecture Notes in Math. 43}}

@BOOK{Rav2,
AUTHOR={Douglas C. Ravenel},
TITLE={Complex cobordism and stable homotopy groups of spheres},
PUBLISHER={Academic Press, Inc.},
YEAR={1986}
}

@BOOK{Rav1,
AUTHOR={Douglas C. Ravenel},
TITLE={Nilpotence and periodicity in stable homotopy theory},
PUBLISHER={Princeton},
YEAR={1992},
SERIES={Ann. of Math. Studies 128}}


@ARTICLE{Raynaud,
AUTHOR={M. Raynaud and L. Gruson},
TITLE={Criteres de Platitude et de Projectivite},
JOURNAL={Inv. Math.},
VOLUME={13},
YEAR={1971},
PAGES={1-89}}


@INCOLLECTION{Roberts,
AUTHOR={J. Roberts},
TITLE={Chow's moving lemma},
BOOKTITLE={Algebraic geometry},
PAGES={89-96},
ADDRESS={Oslo},
PUBLISHER={Wolters-Noordhof Publ.},
YEAR={1970}}

@ARTICLE{Rost1,
AUTHOR={Markus Rost},
TITLE={On the spinor norm and {$A_0(X,K_1)$} for quadrics},
JOURNAL={www.math.ohio-state.edu/{$_{\textstyle \tilde{}}\,$}rost/spinor.html},
YEAR={1988}}

@ARTICLE{Rost2,
AUTHOR={Markus Rost},
TITLE={Some new results on the {C}howgroups of quadrics},
JOURNAL={www.math.ohio-state.edu/{$_{\textstyle \tilde{}}\,$}rost/chowqudr.html},
YEAR={1990}}

@ARTICLE{Rost2a,
AUTHOR={Markus Rost},
TITLE={The motive of a {P}fister form},
JOURNAL={www.math.ohio-state.edu/{$_{\textstyle \tilde{}}\,$}rost/motive.html},
YEAR={1998}}


@ARTICLE{Rost3,
AUTHOR={Markus Rost},
TITLE={Hilbert {90} for {$K_3$} for degree-two extensions},
JOURNAL={www.math.ohio-state.edu/{$_{\textstyle \tilde{}}\,$}rost/K3-86.html},
YEAR={1986}}


@article {Rost:96,
       MR = {98a:14006},
      ZBL = {864.14002},
   AUTHOR = {Rost, Markus},
    TITLE = {Chow groups with coefficients},
  JOURNAL = {Doc. Math.},
 FJOURNAL = {Documenta Mathematica},
   VOLUME = {1},
     YEAR = {1996},
    PAGES = {No. 16, 319--393 (electronic)},
     ISSN = {1431-0643},
      url = {http://www.mathematik.uni-bielefeld.de/DMV-J/vol-01/16.html},
}

@BOOK{Samuel,
AUTHOR={P. Samuel},
TITLE={Methodes d'algebre abstraite en geometrie algebrique},
PUBLISHER={Springer-Verlag},
ADDRESS={Berlin},
YEAR={1955},
SERIES={Ergebnisse der Mathematik, N.F.4}} 


@ARTICLE{Segal,
AUTHOR={G. B. Segal},
TITLE={Classifying spaces and spectral sequences},
JOURNAL={Publ. Math. IHES},
VOLUME={34},
PAGES={105-112},
YEAR={1968}}

@ARTICLE{Serre,
AUTHOR={J.-P. Serre},
TITLE={Algebre locale. {M}ultiplicities},
JOURNAL={Lecture Notes in Math.},
VOLUME={11},
YEAR={1965}}

@BOOK{Serre2,
AUTHOR={J.-P. Serre},
TITLE={Corps locaux},
PUBLISHER={Hermann},
ADDRESS={Paris},
YEAR={1968}}

@BOOK{Safar,
AUTHOR={I.R. Shafarevich},
TITLE={Basic algebraic geometry},
PUBLISHER={Springer-Verlag},
ADDRESS={New York},
YEAR={1974}}

@ARTICLE{Smith,
AUTHOR={M. Hovey and B. Shipley and J. Smith},
TITLE={Symmetric spectra},
JOURNAL={Preprint},
YEAR={1996}}
		  
@ARTICLE{Song1,
AUTHOR={Y. Song},
TITLE={{V}olodin model for {H}ermitian algebraic {$K$}-theory},
JOURNAL={{$K$}-theory},
VOLUME={5},
NUMBER={6},
YEAR={1991/92},
PAGES={485-502}}

@ARTICLE{Song2,
AUTHOR={Y. Song},
TITLE={Relative {H}ermitian algebraic {$K$}-theory and diherdal homology},
JOURNAL={{$K$}-theory},
VOLUME={5},
NUMBER={6},
YEAR={1991/92},
PAGES={503-530}}

@BOOK{SE,
AUTHOR={N. E. Steenrod and D. B. Epstein},
TITLE={Cohomology operations},
PUBLISHER={Princeton Univ. Press},
ADDRESS={Princeton},
YEAR={1962}}



@BOOK{Stong,
AUTHOR={R. E. Stong},
TITLE={Notes on cobordism theory},
PUBLISHER={Princeton Univ. Press},
ADDRESS={Princeton},
YEAR={1968}}
		  
@ARTICLE{Suslin1,
AUTHOR={Andrei Suslin},
TITLE={On the {$K$}-theory of algebraically closed fields},
JOURNAL={Invent. Math},
VOLUME={73},
YEAR={1983},
PAGES={241-245}}

@ARTICLE{Suslin4,
AUTHOR={Andrei Suslin},
TITLE={Algebraic {$K$}-theory and the norm residue homomorphism},
JOURNAL={J. Soviet Math.},
VOLUME={30},
YEAR={1985},
PAGES={2556-2611}}

@ARTICLE{Suslin2,
AUTHOR={Andrei Suslin},
TITLE={Algebraic {$K$}-theory of fields},
JOURNAL={Proceedings of ICM Berkeley},
YEAR={1986},
PAGES={222-244}}

@ARTICLE{Suslin3,
AUTHOR={Andrei Suslin},
TITLE={Higher {C}how groups and etale cohomology},
JOURNAL={www.math.uiuc.edu/K-theory/368},
YEAR={1995}
}

@INCOLLECTION{Suslin3new,
AUTHOR={Andrei Suslin},
TITLE={Higher {C}how groups and etale cohomology},
BOOKTITLE={Cycles, transfers and motivic homology theories},
PAGES={239-254},
PUBLISHER={Princeton Univ. Press},
YEAR={2000}
}

@incollection {SusVoe3,
    AUTHOR = {Suslin, Andrei and Voevodsky, Vladimir},
     TITLE = {Bloch-{K}ato conjecture and motivic cohomology with finite
              coefficients},
 BOOKTITLE = {The arithmetic and geometry of algebraic cycles ({B}anff,
              {AB}, 1998)},
    SERIES = {NATO Sci. Ser. C Math. Phys. Sci.},
    VOLUME = {548},
     PAGES = {117--189},
 PUBLISHER = {Kluwer Acad. Publ.},
   ADDRESS = {Dordrecht},
      YEAR = {2000},
   MRCLASS = {14F42 (19D45 19E15 19E20)},
  MRNUMBER = {MR1744945 (2001g:14031)},
MRREVIEWER = {Thomas Geisser},
}

@article {SusVoe,
    AUTHOR = {Suslin, Andrei and Voevodsky, Vladimir},
     TITLE = {Singular homology of abstract algebraic varieties},
   JOURNAL = {Invent. Math.},
  FJOURNAL = {Inventiones Mathematicae},
    VOLUME = {123},
      YEAR = {1996},
    NUMBER = {1},
     PAGES = {61--94},
      ISSN = {0020-9910},
     CODEN = {INVMBH},
   MRCLASS = {14F99 (14C25 14F20 19E15)},
  MRNUMBER = {MR1376246 (97e:14030)},
MRREVIEWER = {Eric M. Friedlander},
}

%www.math.uiuc.edu/K-theory/32

@incollection {SusVoe2new,
    AUTHOR = {Suslin, Andrei and Voevodsky, Vladimir},
     TITLE = {Relative cycles and {C}how sheaves},
 BOOKTITLE = {Cycles, transfers, and motivic homology theories},
    SERIES = {Ann. of Math. Stud.},
    VOLUME = {143},
     PAGES = {10--86},
 PUBLISHER = {Princeton Univ. Press},
   ADDRESS = {Princeton, NJ},
      YEAR = {2000},
   MRCLASS = {14C25},
  MRNUMBER = {MR1764199},
}
	

@ARTICLE{SusVoe2,
AUTHOR={Andrei Suslin and Vladimir Voevodsky},
TITLE={Relative  cycles and {C}how sheaves},
JOURNAL={www.math.uiuc.edu/K-theory/35},
YEAR={1994}
}


@ARTICLE{Swan,

AUTHOR={Richard G. Swan},
TITLE={On Seminormality},
JOURNAL={J. of Algebra},
YEAR={1980},
VOLUME={67},
NUMBER={1},
PAGES={210-229}}

@INPROCEEDINGS{Swan2,
AUTHOR={Richard G. Swan},
TITLE={Nonabelian homological algebra and ${K}$-theory},
BOOKTITLE={Proceedings of symposia in pure mathematics},
VOLUME={17},
PAGES={88-123},
PUBLISHER={AMS},
ADDRESS={Providens},
YEAR={1970}}




@article {Tate,
    AUTHOR = {Tate, John},
     TITLE = {Relations between ${K\sb{2}}$ and {G}alois cohomology},
   JOURNAL = {Invent. Math.},
    VOLUME = {36},
      YEAR = {1976},
     PAGES = {257--274},
   MRCLASS = {12A60 (12A65)},
  MRNUMBER = {55 \#2847},
MRREVIEWER = {Alan Candiotti},
}


@ARTICLE{thesis,
AUTHOR={Vladimir Voevodsky},
TITLE={Homology of schemes and covariant motives},
JOURNAL={Harvard Univ. Ph.D. thesis},
YEAR={1992}}

@ARTICLE{Thomason1,
AUTHOR={R. Thomason},
TITLE={Algebraic ${K}$-theory and etale cohomology},
JOURNAL={Ann. Sci. ENS},
VOLUME={18},
YEAR={1985},
PAGES={437-552}}
		  
@INCOLLECTION{T2,
AUTHOR={R. Thomason and T. Trobaugh},
TITLE={Higher algebraic ${K}$-theory of schemes and of derived categories},
BOOKTITLE={The Grothendieck festchrift},
VOLUME={3},
PUBLISHER={Birkhauser},
ADDRESS={Boston},
YEAR={1990},
PAGES={247-436}}
		 


@article {H1,
    AUTHOR = {Voevodsky, V.},
     TITLE = {Homology of schemes},
   JOURNAL = {Selecta Math. (N.S.)},
  FJOURNAL = {Selecta Mathematica. New Series},
    VOLUME = {2},
      YEAR = {1996},
    NUMBER = {1},
     PAGES = {111--153},
      ISSN = {1022-1824},
     CODEN = {SMATF6},
   MRCLASS = {14F99},
  MRNUMBER = {MR1403354 (98c:14016)},
MRREVIEWER = {Claudio Pedrini},
}
	
	
	
@ARTICLE{H2,
AUTHOR={Vladimir Voevodsky},
TITLE={Cohomological theory of presheaves with transfers},
JOURNAL={www.math.uiuc.edu/K-theory/368},
YEAR={1995}}

@incollection {H2new,
    AUTHOR = {Voevodsky, Vladimir},
     TITLE = {Cohomological theory of presheaves with transfers},
 BOOKTITLE = {Cycles, transfers, and motivic homology theories},
    SERIES = {Ann. of Math. Stud.},
    VOLUME = {143},
     PAGES = {87--137},
 PUBLISHER = {Princeton Univ. Press},
   ADDRESS = {Princeton, NJ},
      YEAR = {2000},
   MRCLASS = {14F05},
  MRNUMBER = {MR1764200},
}

@incollection {collection.intro,
    AUTHOR = {Friedlander, Eric M. and Suslin, A. and Voevodsky, V.},
     TITLE = {Introduction},
 BOOKTITLE = {Cycles, transfers, and motivic homology theories},
    SERIES = {Ann. of Math. Stud.},
    VOLUME = {143},
     PAGES = {3--9},
 PUBLISHER = {Princeton Univ. Press},
   ADDRESS = {Princeton, NJ},
      YEAR = {2000},
   MRCLASS = {14F42 (14C25)},
  MRNUMBER = {MR1764198},
}
	


@ARTICLE{H3,
AUTHOR={Vladimir Voevodsky},
TITLE={Triangulated categories of motives over a field},
JOURNAL={www.math.uiuc.edu/K-theory/74},
YEAR={1995}}


@ARTICLE{motcoh,
AUTHOR={Vladimir Voevodsky},
TITLE={On motivic cohomology with $\zz/l$-coefficients},
JOURNAL={www.math.uiuc.edu/K-theory/639},
YEAR={2003}}

@ARTICLE{motcohsub,
AUTHOR={Vladimir Voevodsky},
TITLE={On motivic cohomology with $\zz/l$-coefficients},
JOURNAL={To appear in Annals of Mathematics (see also {\rm \url{http://arxiv.org/abs/0805.4430}})},
YEAR={2009}}


@article {motcohann,
    AUTHOR = {Voevodsky, Vladimir},
     TITLE = {On motivic cohomology with {$\bold Z/l$}-coefficients},
   JOURNAL = {Ann. of Math. (2)},
  FJOURNAL = {Annals of Mathematics. Second Series},
    VOLUME = {174},
      YEAR = {2011},
    NUMBER = {1},
     PAGES = {401--438},
      ISSN = {0003-486X},
     CODEN = {ANMAAH},
   MRCLASS = {14F42 (19D45)},
  MRNUMBER = {2811603 (2012j:14030)},
MRREVIEWER = {Matthias Wendt},
       DOI = {10.4007/annals.2011.174.1.11},
       URL = {http://dx.doi.org/10.4007/annals.2011.174.1.11},
}



@incollection {H3new,
    AUTHOR = {Voevodsky, Vladimir},
     TITLE = {Triangulated categories of motives over a field},
 BOOKTITLE = {Cycles, transfers, and motivic homology theories},
    SERIES = {Ann. of Math. Stud.},
    VOLUME = {143},
     PAGES = {188--238},
 PUBLISHER = {Princeton Univ. Press},
   ADDRESS = {Princeton, NJ},
      YEAR = {2000},
   MRCLASS = {14F42 (14C25)},
  MRNUMBER = {MR1764202},
}


@ARTICLE{Sasha,
AUTHOR={Vladimir Voevodsky},
TITLE={Letter to {A.B}eilinson},
YEAR={1993},
JOURNAL={www.math.uiuc.edu/K-theory/33}}



@book {collection,
    AUTHOR = {Voevodsky, Vladimir and Suslin, Andrei and Friedlander, Eric
              M.},
     TITLE = {Cycles, transfers, and motivic homology theories},
    SERIES = {Annals of Mathematics Studies},
    VOLUME = {143},
 PUBLISHER = {Princeton University Press},
   ADDRESS = {Princeton, NJ},
      YEAR = {2000},
     PAGES = {vi+254},
      ISBN = {0-691-04814-2; 0-691-04815-0},
   MRCLASS = {14F42 (14C25 19E15)},
  MRNUMBER = {MR1764197 (2001d:14026)},
MRREVIEWER = {Spencer J. Bloch},
}




@ARTICLE{H5,
AUTHOR={Vladimir Voevodsky},
TITLE={Algebraic {M}orava ${K}$-theories and the {B}loch-{K}ato conjecture
for {${\bf Z}/2$} coefficients},
JOURNAL={www.math.uiuc.edu/K-theory/76},
YEAR={1995}
}

@ARTICLE{new,
AUTHOR={Vladimir Voevodsky},
TITLE={{$\af$-}homotopy theory and finite correspondences},
JOURNAL={In preparation}
}

@ARTICLE{functor,
AUTHOR={Vladimir Voevodsky},
TITLE={Functoriality of the motivic stable homotopy categories},
JOURNAL={In preparation}
}




@article {comparison,
    AUTHOR = {Voevodsky, Vladimir},
     TITLE = {Motivic cohomology groups are isomorphic to higher {C}how
              groups in any characteristic},
   JOURNAL = {Int. Math. Res. Not.},
  FJOURNAL = {International Mathematics Research Notices},
      YEAR = {2002},
    NUMBER = {7},
     PAGES = {351--355},
      ISSN = {1073-7928},
   MRCLASS = {14F42},
  MRNUMBER = {1 883 180},
}



@incollection {open,
    AUTHOR = {Voevodsky, Vladimir},
     TITLE = {Open problems in the motivic stable homotopy theory. {I}},
 BOOKTITLE = {Motives, polylogarithms and {H}odge theory, {P}art {I}
              ({I}rvine, {CA}, 1998)},
    SERIES = {Int. Press Lect. Ser.},
    VOLUME = {3},
     PAGES = {3--34},
 PUBLISHER = {Int. Press, Somerville, MA},
      YEAR = {2002},
   MRCLASS = {14F35 (55P42)},
  MRNUMBER = {MR1977582 (2005e:14030)},
MRREVIEWER = {Vladimir I. Guletski{\u\i}},
}
	

@ARTICLE{MC0, AUTHOR={Vladimir Voevodsky}, TITLE={{B}loch-{K}ato
conjecture for $\zz/2$-coefficients and algebraic {M}orava ${K}$-theories},
JOURNAL={www.math.uiuc.edu/K-theory/76}, YEAR={1995}}

@ARTICLE{MC,
AUTHOR={Vladimir Voevodsky},
TITLE={The {M}ilnor {C}onjecture},
JOURNAL={www.math.uiuc.edu/K-theory/170},
YEAR={1996}}

@ARTICLE{MC.Bonn,
AUTHOR={Vladimir Voevodsky},
TITLE={The {M}ilnor {C}onjecture},
JOURNAL={MPIM Preprint},
ADDRESS={Bonn},
YEAR={1996}}


@ARTICLE{MCnew,
AUTHOR={Vladimir Voevodsky},
TITLE={On 2-torsion in motivic cohomology},
JOURNAL={www.math.uiuc.edu/K-theory/502 (see also {\rm \url{http://arxiv.org/abs/math/0107110}})},
YEAR={2001}}


@article {MCpub,
    AUTHOR = {Voevodsky, Vladimir},
     TITLE = {Motivic cohomology with {${\bf Z}/2$}-coefficients},
   JOURNAL = {Publ. Math. Inst. Hautes \'Etudes Sci.},
  FJOURNAL = {Publications Math\'ematiques. Institut de Hautes \'Etudes
              Scientifiques},
    NUMBER = {98},
      YEAR = {2003},
     PAGES = {59--104},
      ISSN = {0073-8301},
   MRCLASS = {14F42 (12G05 19D45 19E15)},
  MRNUMBER = {MR2031199 (2005b:14038b)},
MRREVIEWER = {Eric M. Friedlander},
}




@ARTICLE{zl,
AUTHOR={Vladimir Voevodsky},
TITLE={Motivic cohomology with {${\bf Z}/l$}-coefficients},
JOURNAL={www.math.uiuc.edu/K-theory/639},
YEAR={2003}}

@ARTICLE{zlsub,
AUTHOR={Vladimir Voevodsky},
TITLE={Motivic cohomology with {${\bf Z}/l$}-coefficients},
JOURNAL={arXiv:0805.4430, Submitted to Annals of Mathematics},
YEAR={2009}}


@ARTICLE{patching,
AUTHOR={Charles A. Weibel},
TITLE={Patching the Norm Residue Isomorphism Theorem},
JOURNAL={www.math.uiuc.edu/K-theory/844},
YEAR={2007}}

@ARTICLE{framed,
AUTHOR={Vladimir Voevodsky},
TITLE={Framed Correspondences},
JOURNAL={Unpublished},
url={http://www.math.ias.edu/vladimir/files/framed.pdf},
YEAR={2001}}



@ARTICLE{overpreprint,
AUTHOR={Vladimir Voevodsky},
TITLE={Motives over simplicial schemes},
JOURNAL={www.math.uiuc.edu/K-theory/638},
YEAR={2003}}

@ARTICLE{oversub,
AUTHOR={Vladimir Voevodsky},
TITLE={Motives over simplicial schemes},
JOURNAL={To appear in Journal of K-theory (see also {\rm \url{http://arxiv.org/abs/0805.4431}})},
YEAR={2010}}


@article {over,
    AUTHOR = {Voevodsky, Vladimir},
     TITLE = {Motives over simplicial schemes},
   JOURNAL = {J. K-Theory},
  FJOURNAL = {Journal of K-Theory. K-Theory and its Applications in Algebra,
              Geometry, Analysis \& Topology},
    VOLUME = {5},
      YEAR = {2010},
    NUMBER = {1},
     PAGES = {1--38},
      ISSN = {1865-2433},
   MRCLASS = {14F42 (19E15)},
  MRNUMBER = {2600283 (2011f:14037)},
MRREVIEWER = {Thomas Geisser},
       DOI = {10.1017/is010001030jkt107},
       URL = {http://dx.doi.org/10.1017/is010001030jkt107},
}

@ARTICLE{HH0,
AUTHOR={Vladimir Voevodsky},
TITLE={{$\Delta$}-closed classes},
JOURNAL={www.math.uiuc.edu/K-theory/442},
YEAR={2000}}

@ARTICLE{SRFpreprint,
AUTHOR={Vladimir Voevodsky},
TITLE={Simplicial radditive functors},
JOURNAL={www.math.uiuc.edu/K-theory/},
YEAR={2007}}

@ARTICLE{SRFsub,
AUTHOR={Vladimir Voevodsky},
TITLE={Simplicial radditive functors},
JOURNAL={To appear in Journal of K-theory (see also {\rm \url{http://arxiv.org/abs/0805.4434}})},
YEAR={2009}}

@article {SRF,
    AUTHOR = {Voevodsky, Vladimir},
     TITLE = {Simplicial radditive functors},
   JOURNAL = {J. K-Theory},
  FJOURNAL = {Journal of K-Theory. K-Theory and its Applications in Algebra,
              Geometry, Analysis \& Topology},
    VOLUME = {5},
      YEAR = {2010},
    NUMBER = {2},
     PAGES = {201--244},
      ISSN = {1865-2433},
   MRCLASS = {55U35},
  MRNUMBER = {2640203 (2011d:55036)},
MRREVIEWER = {Geoffrey M. L. Powell},
       DOI = {10.1017/is010003026jkt097},
       URL = {http://dx.doi.org/10.1017/is010003026jkt097},
}


@ARTICLE{HH0new,
AUTHOR={Vladimir Voevodsky},
TITLE={{$\Delta$}-closed classes},
JOURNAL={preprint},
YEAR={2007}}


@ARTICLE{HH1preprint, 
AUTHOR={Vladimir Voevodsky}, 
TITLE={Homotopy theory of
simplicial sheaves in completely decomposable topologies}, 
JOURNAL={www.math.uiuc.edu/K-theory/443}, 
YEAR={2000}}

@ARTICLE{HH1sub, 
AUTHOR={Vladimir Voevodsky}, 
TITLE={Homotopy theory of
simplicial sheaves in completely decomposable topologies}, 
JOURNAL={J. Pure Appl. Alg. (see also {\rm \url{http://arxiv.org/abs/0805.4578}})},
VOLUME={214},
PAGES={1384-1398},
YEAR={2010}}

@article {HH1,
    AUTHOR = {Voevodsky, Vladimir},
     TITLE = {Unstable motivic homotopy categories in {N}isnevich and
              cdh-topologies},
   JOURNAL = {J. Pure Appl. Algebra},
  FJOURNAL = {Journal of Pure and Applied Algebra},
    VOLUME = {214},
      YEAR = {2010},
    NUMBER = {8},
     PAGES = {1399--1406},
      ISSN = {0022-4049},
     CODEN = {JPAAA2},
   MRCLASS = {14F42},
  MRNUMBER = {2593671 (2011e:14041)},
MRREVIEWER = {Daniel C. Isaksen},
       DOI = {10.1016/j.jpaa.2009.11.005},
       URL = {http://dx.doi.org/10.1016/j.jpaa.2009.11.005},
}

@ARTICLE{HH2,
AUTHOR={Vladimir Voevodsky},
TITLE={Motivic homotopy categories in {N}isnevich and cdh-topologies},
JOURNAL={www.math.uiuc.edu/K-theory/444},
YEAR={2000}}

@ARTICLE{HH2sub,
AUTHOR={Vladimir Voevodsky},
TITLE={Unstable motivic homotopy categories in {N}isnevich and cdh-topologies},
JOURNAL={J. Pure Appl. Alg. (see also {\rm \url{http://arxiv.org/abs/0805.4576}})},
VOLUME={214},
PAGES={1399-1406},
YEAR={2010}}


@ARTICLE{HH3,
AUTHOR={Vladimir Voevodsky},
TITLE={Homotopy properties of twisted product functors},
JOURNAL={in preparation},
YEAR={2000}}




@incollection {newapproach,
    AUTHOR = {Voevodsky, Vladimir},
     TITLE = {A possible new approach to the motivic spectral sequence for
              algebraic {$K$}-theory},
 BOOKTITLE = {Recent progress in homotopy theory (Baltimore, MD, 2000)},
    SERIES = {Contemp. Math.},
    VOLUME = {293},
     PAGES = {371--379},
 PUBLISHER = {Amer. Math. Soc.},
   ADDRESS = {Providence, RI},
      YEAR = {2002},
   MRCLASS = {55P42 (14F42 19E15 55P43)},
  MRNUMBER = {2003g:55011},
MRREVIEWER = {Po Hu},
}


@ARTICLE{newap,
AUTHOR={Vladimir Voevodsky},
TITLE={A possible new approach to the motivic spectral sequence},
JOURNAL={www.math.uiuc.edu/K-theory/469},
YEAR={2001}}

@ARTICLE{zslice,
AUTHOR={Vladimir Voevodsky},
TITLE={On the zero slice of the sphere spectrum},
JOURNAL={www.math.uiuc.edu/K-theory/612},
YEAR={2002}}

@article {zslicepub,
    AUTHOR = {Voevodsky, V.},
     TITLE = {On the zero slice of the sphere spectrum},
   JOURNAL = {Tr. Mat. Inst. Steklova},
  FJOURNAL = {Trudy Matematicheskogo Instituta Imeni V. A. Steklova.
              Rossi\u\i skaya Akademiya Nauk (see also {\rm \url{http://arxiv.org/abs/math/0301013}})},
    VOLUME = {246},
      YEAR = {2004},
    NUMBER = {Algebr. Geom. Metody, Svyazi i Prilozh.},
     PAGES = {106--115},
      ISSN = {0371-9685},
   MRCLASS = {14F42 (55P42)},
  MRNUMBER = {MR2101286 (2005k:14042)},
MRREVIEWER = {Daniel C. Isaksen},
}

@ARTICLE{Red,
AUTHOR={Vladimir Voevodsky},
TITLE={Reduced power operations in motivic cohomology},
JOURNAL={www.math.uiuc.edu/K-theory/487 (see also {\rm \url{http://arxiv.org/abs/math/0107109}})},
YEAR={2001}}


@article {Redpub,
    AUTHOR = {Voevodsky, Vladimir},
     TITLE = {Reduced power operations in motivic cohomology},
   JOURNAL = {Publ. Math. Inst. Hautes \'Etudes Sci.},
  FJOURNAL = {Publications Math\'ematiques. Institut de Hautes \'Etudes
              Scientifiques},
    NUMBER = {98},
      YEAR = {2003},
     PAGES = {1--57},
      ISSN = {0073-8301},
   MRCLASS = {14F42 (12G05 19D45 19E15)},
  MRNUMBER = {MR2031198 (2005b:14038a)},
MRREVIEWER = {Eric M. Friedlander},
}


@inproceedings {talk,
    AUTHOR = {Voevodsky, Vladimir},
     TITLE = {{$\bold A\sp 1$}-homotopy theory},
 BOOKTITLE = {Proceedings of the {I}nternational {C}ongress of
              {M}athematicians, {V}ol. {I} ({B}erlin, 1998)},
   JOURNAL = {Doc. Math.},
  FJOURNAL = {Documenta Mathematica},
      YEAR = {1998},
    NUMBER = {Extra Vol. I},
     PAGES = {579--604 (electronic)},
      ISSN = {1431-0635},
   MRCLASS = {14F35 (14A15 55U35)},
  MRNUMBER = {MR1648048 (99j:14018)},
MRREVIEWER = {Mark Hovey},
}


@ARTICLE{CC,
AUTHOR={Vladimir Voevodsky and Carlo Mazza and Charles Weibel},
TITLE={Lectures on motivic cohomology},
JOURNAL={www.math.uiuc.edu/K-theory/486},
YEAR={2000}}

@ARTICLE{cancellationpreprint,
AUTHOR={Vladimir Voevodsky},
TITLE={Cancellation theorem},
JOURNAL={www.math.uiuc.edu/K-theory/541},
YEAR={2002}}

@ARTICLE{cancellationsub,
AUTHOR={Vladimir Voevodsky},
TITLE={Cancellation theorem},
JOURNAL={To appear in Documenta Mathematica (see also {\rm \url{http://arxiv.org/abs/math/0202012}})},
YEAR={2010}}

@article {can,
    AUTHOR = {Voevodsky, Vladimir},
     TITLE = {Cancellation theorem},
   JOURNAL = {Doc. Math.},
  FJOURNAL = {Documenta Mathematica},
      YEAR = {2010},
    NUMBER = {Extra volume: Andrei A. Suslin sixtieth birthday},
     PAGES = {671--685},
      ISSN = {1431-0635},
   MRCLASS = {14F42 (19E15)},
  MRNUMBER = {2804268 (2012d:14035)},
MRREVIEWER = {Oliver R{\"o}ndigs},
url={http://www.math.uiuc.edu/documenta/vol-suslin/voevodsky.html},
}



@ARTICLE{delnotes, 
AUTHOR={Vladimir Voevodsky}, 
TITLE={Lectures on
motivic cohomology 2000/2001 (written by {P}ierre {D}eligne)},
JOURNAL={www.math.uiuc.edu/K-theory/527  (see also {\rm \url{http://arxiv.org/abs/0805.4436}})}, 
YEAR={2000/2001}}


@ARTICLE{Weibel,
AUTHOR={C. Weibel},
TITLE={Homotopy ${K}$-theory},
JOURNAL={Contemp. Math.},
VOLUME={83},
YEAR={1987},
PAGES={461-488}}



@book {Chuck,
   AUTHOR = {Weibel, Charles A.},
    TITLE = {An introduction to homological algebra},
PUBLISHER = {Cambridge University Press},
  ADDRESS = {Cambridge},
     YEAR = {1994}}

@book {W,
   AUTHOR = {Weibel, Charles A.},
    TITLE = {An introduction to homological algebra},
PUBLISHER = {Cambridge University Press},
  ADDRESS = {Cambridge},
     YEAR = {1994}}
     
     @incollection {Giry,
    AUTHOR = {Giry, Mich{\`e}le},
     TITLE = {A categorical approach to probability theory},
 BOOKTITLE = {Categorical aspects of topology and analysis (Ottawa, Ont.,
              1980)},
    SERIES = {Lecture Notes in Math.},
    VOLUME = {915},
     PAGES = {68--85},
 PUBLISHER = {Springer},
   ADDRESS = {Berlin},
      YEAR = {1982},
   MRCLASS = {60A05 (18B99 60G05)},
  MRNUMBER = {MR659884 (83k:60007)},
MRREVIEWER = {A. I. Dale},
}
     
     
     @book {Bill,
    AUTHOR = {Billingsley, Patrick},
     TITLE = {Probability and measure},
      NOTE = {Wiley Series in Probability and Mathematical Statistics},
 PUBLISHER = {John Wiley \& Sons, New York-Chichester-Brisbane},
      YEAR = {1979},
     PAGES = {xiv+515},
      ISBN = {0-471-03173-9},
   MRCLASS = {60-01 (28-01)},
  MRNUMBER = {MR534323 (80h:60001)},
MRREVIEWER = {N. H. Bingham},
}
	@book {Will,
    AUTHOR = {Williams, David},
     TITLE = {Probability with martingales},
    SERIES = {Cambridge Mathematical Textbooks},
 PUBLISHER = {Cambridge University Press},
   ADDRESS = {Cambridge},
      YEAR = {1991},
     PAGES = {xvi+251},
      ISBN = {0-521-40455-X; 0-521-40605-6},
   MRCLASS = {60-01 (60G42)},
  MRNUMBER = {MR1155402 (93d:60002)},
MRREVIEWER = {Jia Gang Wang},
}
	
	@incollection {Prakash1,
    AUTHOR = {Panangaden, Prakash},
     TITLE = {The category of {M}arkov kernels},
 BOOKTITLE = {PROBMIV'98: First International Workshop on Probabilistic
              Methods in Verification (Indianapolis, IN)},
    SERIES = {Electron. Notes Theor. Comput. Sci.},
    VOLUME = {22},
     PAGES = {17 pp. (electronic)},
 PUBLISHER = {Elsevier},
   ADDRESS = {Amsterdam},
      YEAR = {1999},
   MRCLASS = {68Q55},
  MRNUMBER = {MR1722605 (2000h:68137)},
}

@article {Gregoriou,
    AUTHOR = {Gregoriou, John},
     TITLE = {A categorical approach to integral of measures and
              disintegration of measures},
   JOURNAL = {Nonlinear Funct. Anal. Appl.},
  FJOURNAL = {Nonlinear Functional Analysis and Applications. An
              International Mathematical Journal for Theory and
              Applications},
    VOLUME = {6},
      YEAR = {2001},
    NUMBER = {2},
     PAGES = {171--204},
      ISSN = {1229-1595},
   MRCLASS = {28A50 (18C15 18C20 28A51)},
  MRNUMBER = {MR1860403 (2003b:28004)},
MRREVIEWER = {Donald L. Cohn},
}
		
		@article {Prakash2,
    AUTHOR = {Danos, Vincent and Desharnais, Jos{\'e}e and Laviolette,
              Fran{\c{c}}ois and Panangaden, Prakash},
     TITLE = {Bisimulation and cocongruence for probabilistic systems},
   JOURNAL = {Inform. and Comput.},
  FJOURNAL = {Information and Computation},
    VOLUME = {204},
      YEAR = {2006},
    NUMBER = {4},
     PAGES = {503--523},
      ISSN = {0890-5401},
   MRCLASS = {68Q85 (68Q60)},
  MRNUMBER = {MR2224565 (2007c:68097)},
MRREVIEWER = {Dieter Spreen},
}

@article {Doberkat1,
    AUTHOR = {Doberkat, Ernst-Erich},
     TITLE = {Eilenberg-{M}oore algebras for stochastic relations},
   JOURNAL = {Inform. and Comput.},
  FJOURNAL = {Information and Computation},
    VOLUME = {204},
      YEAR = {2006},
    NUMBER = {12},
     PAGES = {1756--1781},
      ISSN = {0890-5401},
   MRCLASS = {18C20 (18B30 68N30 68Q65)},
  MRNUMBER = {MR2277336 (2007k:18006)},
MRREVIEWER = {Lutz Schr{\"o}der},
}
		
		@article {Doberkat2,
    AUTHOR = {Doberkat, Ernst-Erich},
     TITLE = {Kleisli morphisms and randomized congruences for the {G}iry
              monad},
   JOURNAL = {J. Pure Appl. Algebra},
  FJOURNAL = {Journal of Pure and Applied Algebra},
    VOLUME = {211},
      YEAR = {2007},
    NUMBER = {3},
     PAGES = {638--664},
      ISSN = {0022-4049},
     CODEN = {JPAAA2},
   MRCLASS = {18C20 (18A32)},
  MRNUMBER = {MR2344221},
}


@book {Gikhman1,
    AUTHOR = {Gikhman, Iosif I. and Skorokhod, Anatoli V.},
     TITLE = {The theory of stochastic processes. {I}},
    SERIES = {Classics in Mathematics},
      NOTE = {Translated from the {R}ussian by S. Kotz,
              Reprint of the 1974 edition},
 PUBLISHER = {Springer-Verlag},
   ADDRESS = {Berlin},
      YEAR = {2004},
     PAGES = {viii+574},
      ISBN = {3-540-20284-6},
   MRCLASS = {60-02 (60A10 60Bxx 60G05 60G07)},
  MRNUMBER = {MR2058259 (2005a:60002)},
}
	
	@book {Gikhman2,
    AUTHOR = {Gikhman, Iosif I. and Skorokhod, Anatoli V.},
     TITLE = {The theory of stochastic processes. {II}},
    SERIES = {Classics in Mathematics},
      NOTE = {Translated from the {R}ussian by S. Kotz,
              Reprint of the 1975 edition},
 PUBLISHER = {Springer-Verlag},
   ADDRESS = {Berlin},
      YEAR = {2004},
     PAGES = {viii+441},
      ISBN = {3-540-20285-4},
   MRCLASS = {60-02 (60Jxx)},
  MRNUMBER = {MR2058260 (2005a:60003)},
}
		
	
	
	@book {Halmos,
    AUTHOR = {Halmos, Paul R.},
     TITLE = {Measure {T}heory},
 PUBLISHER = {D. Van Nostrand Company, Inc., New York, N. Y.},
      YEAR = {1950},
     PAGES = {xi+304},
   MRCLASS = {27.2X},
  MRNUMBER = {MR0033869 (11,504d)},
MRREVIEWER = {S. Kakutani},
}
     
     
}
@book {Sev,
    AUTHOR = {Sevastyanov, B. A.},
     TITLE = {Vetvyashchiesya protsessy},
 PUBLISHER = {Izdat. ``Nauka'', Moscow},
      YEAR = {1971},
     PAGES = {436},
   MRCLASS = {60J80},
  MRNUMBER = {MR0345229 (49 \#9968)},
MRREVIEWER = {F. L. Spitzer},
}
		
     @ARTICLE{NCP,
AUTHOR={Vladimir Voevodsky},
TITLE={Notes on categorical probability},
JOURNAL={In preparation},
YEAR={2008}}
     
     
     @book {Folland,
    AUTHOR = {Folland, Gerald B.},
     TITLE = {Real analysis},
    SERIES = {Pure and Applied Mathematics (New York)},
   EDITION = {Second},
      NOTE = {Modern techniques and their applications,
              A Wiley-Interscience Publication},
 PUBLISHER = {John Wiley \& Sons Inc.},
   ADDRESS = {New York},
      YEAR = {1999},
     PAGES = {xvi+386},
      ISBN = {0-471-31716-0},
   MRCLASS = {00A05 (26-01 28-01 46-01)},
  MRNUMBER = {MR1681462 (2000c:00001)},
}
	
@ARTICLE{Weibelpatch,
AUTHOR={Charles Weibel},
TITLE={The norm residue isomorphism theorem},
JOURNAL={Preprint},
YEAR={2007}}

@ARTICLE{Red2preprint,
AUTHOR={Vladimir Voevodsky},
TITLE={Motivic {E}ilenberg-{M}acLane spaces},
JOURNAL={www.math.uiuc.edu/K-theory/864},
YEAR={2007}}

@ARTICLE{Red2sub,
AUTHOR={Vladimir Voevodsky},
TITLE={Motivic {E}ilenberg-{M}acLane spaces},
JOURNAL={To appear in Publ. IHES (see also {\rm \url{http://arxiv.org/abs/0805.4432}})},
YEAR={2010}}

@article {Red2,
    AUTHOR = {Voevodsky, Vladimir},
     TITLE = {Motivic {E}ilenberg-{M}aclane spaces},
   JOURNAL = {Publ. Math. Inst. Hautes \'Etudes Sci.},
  FJOURNAL = {Publications Math\'ematiques. Institut de Hautes \'Etudes
              Scientifiques},
    NUMBER = {112},
      YEAR = {2010},
     PAGES = {1--99},
      ISSN = {0073-8301},
   MRCLASS = {14F42 (18G55 55P20 55U35)},
  MRNUMBER = {2737977 (2012f:14041)},
MRREVIEWER = {Geoffrey M. L. Powell},
       DOI = {10.1007/s10240-010-0024-9},
       URL = {http://dx.doi.org/10.1007/s10240-010-0024-9},
}



@incollection {VV29,
    AUTHOR = {Voevodsky, Vladimir and R{\"o}ndigs, Oliver and {\O}stv{\ae}r,
              Paul Arne},
     TITLE = {Voevodsky's {N}ordfjordeid lectures: motivic homotopy theory},
 BOOKTITLE = {Motivic homotopy theory},
    SERIES = {Universitext},
     PAGES = {147--221},
 PUBLISHER = {Springer},
   ADDRESS = {Berlin},
      YEAR = {2007},
   MRCLASS = {14F42 (14F35 55U35)},
  MRNUMBER = {MR2334215},
}

@incollection {VV30,
    AUTHOR = {Voevodsky, V.},
     TITLE = {Voevodsky's {S}eattle lectures: {$K$}-theory and motivic
              cohomology},
 BOOKTITLE = {Algebraic {$K$}-theory ({S}eattle, {WA}, 1997)},
    SERIES = {Proc. Sympos. Pure Math.},
    VOLUME = {67},
     PAGES = {283--303},
      NOTE = {Notes by C. Weibel},
 PUBLISHER = {Amer. Math. Soc.},
   ADDRESS = {Providence, RI},
      YEAR = {1999},
   MRCLASS = {14F42 (14C35 19E15 19E20)},
  MRNUMBER = {MR1743245 (2001i:14029)},
MRREVIEWER = {Thomas Geisser},
}
	

@article {VV31,
    AUTHOR = {Voevodsky, V.},
     TITLE = {A nilpotence theorem for cycles algebraically equivalent to
              zero},
   JOURNAL = {Internat. Math. Res. Notices},
  FJOURNAL = {International Mathematics Research Notices},
      YEAR = {1995},
    NUMBER = {4},
     PAGES = {187--198 (electronic)},
      ISSN = {1073-7928},
   MRCLASS = {14C15 (14C25 19E15)},
  MRNUMBER = {MR1326064 (96c:14003)},
MRREVIEWER = {Claire Voisin},
}


@incollection {KV1,
    AUTHOR = {Kapranov, M. M. and Voevodsky, V. A.},
     TITLE = {{$2$}-categories and {Z}amolodchikov tetrahedra equations},
 BOOKTITLE = {Algebraic groups and their generalizations: quantum and
              infinite-dimensional methods ({U}niversity {P}ark, {PA},
              1991)},
    SERIES = {Proc. Sympos. Pure Math.},
    VOLUME = {56},
     PAGES = {177--259},
 PUBLISHER = {Amer. Math. Soc.},
   ADDRESS = {Providence, RI},
      YEAR = {1994},
   MRCLASS = {18D05 (17B37 81R50)},
  MRNUMBER = {MR1278735 (95f:18011)},
MRREVIEWER = {R. H. Street},
}


@article {KV2,
    AUTHOR = {Kapranov, M. and Voevodsky, V.},
     TITLE = {Braided monoidal {$2$}-categories and {M}anin-{S}chechtman
              higher braid groups},
   JOURNAL = {J. Pure Appl. Algebra},
  FJOURNAL = {Journal of Pure and Applied Algebra},
    VOLUME = {92},
      YEAR = {1994},
    NUMBER = {3},
     PAGES = {241--267},
      ISSN = {0022-4049},
     CODEN = {JPAAA2},
   MRCLASS = {18D05 (20F36 57M05)},
  MRNUMBER = {MR1266348 (95a:18006)},
MRREVIEWER = {J. Stasheff},
}
	
	
	@article {VV32,
    AUTHOR = {Voevodski{\u\i}, V. A.},
     TITLE = {Galois groups of function fields over fields of finite type
              over {${\bf Q}$}},
   JOURNAL = {Uspekhi Mat. Nauk},
  FJOURNAL = {Akademiya Nauk SSSR i Moskovskoe Matematicheskoe Obshchestvo.
              Uspekhi Matematicheskikh Nauk},
    VOLUME = {46},
      YEAR = {1991},
    NUMBER = {5(281)},
     PAGES = {163--164},
      ISSN = {0042-1316},
   MRCLASS = {11R58 (12F10)},
  MRNUMBER = {MR1160339 (93c:11104)},
}

@article {VV33,
    AUTHOR = {Voevodski{\u\i}, V. A.},
     TITLE = {Galois representations connected with hyperbolic curves},
   JOURNAL = {Izv. Akad. Nauk SSSR Ser. Mat.},
  FJOURNAL = {Izvestiya Akademii Nauk SSSR. Seriya Matematicheskaya},
    VOLUME = {55},
      YEAR = {1991},
    NUMBER = {6},
     PAGES = {1331--1342},
      ISSN = {0373-2436},
   MRCLASS = {14H30 (14F20 14G27)},
  MRNUMBER = {MR1152216 (93h:14019)},
MRREVIEWER = {S. Allen Broughton},
}


@article {KV3,
    AUTHOR = {Kapranov, M. M. and Voevodsky, V. A.},
     TITLE = {{$\infty$}-groupoids and homotopy types},
      NOTE = {International Category Theory Meeting (Bangor, 1989 and
              Cambridge, 1990)},
   JOURNAL = {Cahiers Topologie G\'eom. Diff\'erentielle Cat\'eg.},
  FJOURNAL = {Cahiers de Topologie et G\'eom\'etrie Diff\'erentielle
              Cat\'egoriques},
    VOLUME = {32},
      YEAR = {1991},
    NUMBER = {1},
     PAGES = {29--46},
      ISSN = {0008-0004},
   MRCLASS = {55P15 (18D05 55U10)},
  MRNUMBER = {MR1130401 (93c:55006)},
MRREVIEWER = {Ronald Brown},
}
	
@article {KV4,
    AUTHOR = {Kapranov, M. M. and Voevodsky, V. A.},
     TITLE = {Combinatorial-geometric aspects of polycategory theory:
              pasting schemes and higher {B}ruhat orders (list of results)},
      NOTE = {International Category Theory Meeting (Bangor, 1989 and
              Cambridge, 1990)},
   JOURNAL = {Cahiers Topologie G\'eom. Diff\'erentielle Cat\'eg.},
  FJOURNAL = {Cahiers de Topologie et G\'eom\'etrie Diff\'erentielle
              Cat\'egoriques},
    VOLUME = {32},
      YEAR = {1991},
    NUMBER = {1},
     PAGES = {11--27},
      ISSN = {0008-0004},
   MRCLASS = {18D05 (52B30)},
  MRNUMBER = {MR1130400 (92j:18004)},
MRREVIEWER = {R. H. Street},
}


@preamble{
   "\def\cprime{$'$} "
}







@article {KV5,
    AUTHOR = {Voevodski{\u\i}, V. A. and Kapranov, M. M.},
     TITLE = {The free {$n$}-category generated by a cube, oriented matroids
              and higher {B}ruhat orders},
   JOURNAL = {Funktsional. Anal. i Prilozhen.},
  FJOURNAL = {Akademiya Nauk SSSR. Funktsional\cprime ny\u\i\ Analiz i ego
              Prilozheniya},
    VOLUME = {25},
      YEAR = {1991},
    NUMBER = {1},
     PAGES = {62--65},
      ISSN = {0374-1990},
   MRCLASS = {05B35 (05B30 18B99 55U99 57Q99)},
  MRNUMBER = {MR1113124 (92h:05031)},
MRREVIEWER = {J. S. Joel},
}

@incollection {ShV1,
    AUTHOR = {Shabat, G. B. and Voevodsky, V. A.},
     TITLE = {Drawing curves over number fields},
 BOOKTITLE = {The {G}rothendieck {F}estschrift, {V}ol.\ {III}},
    SERIES = {Progr. Math.},
    VOLUME = {88},
     PAGES = {199--227},
 PUBLISHER = {Birkh\"auser Boston},
   ADDRESS = {Boston, MA},
      YEAR = {1990},
   MRCLASS = {11G30 (14E20 14G25 14H30)},
  MRNUMBER = {MR1106916 (92f:11083)},
MRREVIEWER = {Claude Itzykson},
}


@article {VV34,
    AUTHOR = {Voevodski{\u\i}, V. A.},
     TITLE = {\'{E}tale topologies of schemes over fields of finite type
              over {${\bf Q}$}},
   JOURNAL = {Izv. Akad. Nauk SSSR Ser. Mat.},
  FJOURNAL = {Izvestiya Akademii Nauk SSSR. Seriya Matematicheskaya},
    VOLUME = {54},
      YEAR = {1990},
    NUMBER = {6},
     PAGES = {1155--1167},
      ISSN = {0373-2436},
   MRCLASS = {14F20 (14A15 14E20 18F10)},
  MRNUMBER = {MR1098621 (92j:14023)},
MRREVIEWER = {Takeshi Ooe},
}


@article {KV6,
    AUTHOR = {Voevodski{\u\i}, V. A. and Kapranov, M. M.},
     TITLE = {{$\infty$}-groupoids as a model for a homotopy category},
   JOURNAL = {Uspekhi Mat. Nauk},
  FJOURNAL = {Akademiya Nauk SSSR i Moskovskoe Matematicheskoe Obshchestvo.
              Uspekhi Matematicheskikh Nauk},
    VOLUME = {45},
      YEAR = {1990},
    NUMBER = {5(275)},
     PAGES = {183--184},
      ISSN = {0042-1316},
   MRCLASS = {18G30 (55P99)},
  MRNUMBER = {MR1084995 (91m:18018)},
MRREVIEWER = {Andrzej Kozlowski},
}


@article {ShV2,
    AUTHOR = {Voevodski{\u\i}, V. A. and Shabat, G. B.},
     TITLE = {Equilateral triangulations of {R}iemann surfaces, and curves
              over algebraic number fields},
   JOURNAL = {Dokl. Akad. Nauk SSSR},
  FJOURNAL = {Doklady Akademii Nauk SSSR},
    VOLUME = {304},
      YEAR = {1989},
    NUMBER = {2},
     PAGES = {265--268},
      ISSN = {0002-3264},
   MRCLASS = {14H25 (11G30 14E22 14H30)},
  MRNUMBER = {MR988486 (90e:14030)},
MRREVIEWER = {Zhi Jie Chen},
}

@article {ShV3,
    AUTHOR = {Voevodski{\u\i}, V. A. and Shabat, G. B.},
     TITLE = {Piece-Wise Euclidean Approximation
of {J}acobians of Algebraic Curves},
   JOURNAL = {CSTARCI Math. Preprints},
         YEAR = {1990},
    NUMBER = {01-90},
}


@article {VV35,
    AUTHOR = {Voevodski{\u\i}, V. A.},
     TITLE = {Flags and {G}rothendieck Cartographical Group in
Higher Dimensions},
   JOURNAL = {CSTARCI Math. Preprints},
         YEAR = {1990},
    NUMBER = {05-90},
}

@INPROCEEDINGS{VV36,
AUTHOR={Voevodski{\u\i}, V. A.},
TITLE={{G}alois Group {${G}al(\bar{\bf {Q}}/{\bf {Q}})$} and
{T}eihmuller Modular 
Groups},
BOOKTITLE={Proc. Conf. Constr. Methods and Alg. Number Theory},
YEAR={1989},
ADDRESS={Minsk},
}

@INPROCEEDINGS{KV7,
AUTHOR={Voevodski{\u\i}, V. A. and Kapranov, M. M.},
TITLE={Multidimensional Categories (in
{R}ussian)},
BOOKTITLE={Proc. Conf. of Young Scientists},
YEAR={1990},
PUBLISHER={Moscow Univ. Press},
}

@INPROCEEDINGS{VV37,
AUTHOR={Voevodski{\u\i}, V. A.},
TITLE={Triangulations of Oriented Manifolds and Ramified
Coverings of Sphere 
(in {R}ussian)},
BOOKTITLE={Proc. Conf. of Young Scientists},
YEAR={1990},
PUBLISHER={Moscow Univ. Press},
}





@article {SJ,
    AUTHOR = {Suslin, Andrei and Joukhovitski, Seva},
     TITLE = {Norm varieties},
   JOURNAL = {J. Pure Appl. Algebra},
  FJOURNAL = {Journal of Pure and Applied Algebra},
    VOLUME = {206},
      YEAR = {2006},
    NUMBER = {1-2},
     PAGES = {245--276},
      ISSN = {0022-4049},
     CODEN = {JPAAA2},
   MRCLASS = {14C35 (14C25 14F42 19D45)},
  MRNUMBER = {MR2220090 (2008a:14015)},
}
		
@article {GoL,
    AUTHOR = {Goodwillie, T. G. and Lichtenbaum, S.},
     TITLE = {A cohomological bound for the {$h$}-topology},
   JOURNAL = {Amer. J. Math.},
  FJOURNAL = {American Journal of Mathematics},
    VOLUME = {123},
      YEAR = {2001},
    NUMBER = {3},
     PAGES = {425--443},
      ISSN = {0002-9327},
     CODEN = {AJMAAN},
   MRCLASS = {14F20 (14F42)},
  MRNUMBER = {MR1833147 (2002h:14029)},
MRREVIEWER = {Ana Jerem{\'{\i}}as L{\'o}pez},
}
     
     @book {Adamek,
    AUTHOR = {Ad{\'a}mek, Ji{\v{r}}{\'{\i}} and Rosick{\'y},
              Ji{\v{r}}{\'{\i}}},
     TITLE = {Locally presentable and accessible categories},
    SERIES = {London Mathematical Society Lecture Note Series},
    VOLUME = {189},
 PUBLISHER = {Cambridge University Press},
   ADDRESS = {Cambridge},
      YEAR = {1994},
     PAGES = {xiv+316},
      ISBN = {0-521-42261-2},
   MRCLASS = {18Axx (18-02)},
  MRNUMBER = {MR1294136 (95j:18001)},
MRREVIEWER = {J. R. Isbell},
}

@article {Beke,
    AUTHOR = {Beke, Tibor},
     TITLE = {Sheafifiable homotopy model categories},
   JOURNAL = {Math. Proc. Cambridge Philos. Soc.},
  FJOURNAL = {Mathematical Proceedings of the Cambridge Philosophical
              Society},
    VOLUME = {129},
      YEAR = {2000},
    NUMBER = {3},
     PAGES = {447--475},
      ISSN = {0305-0041},
     CODEN = {MPCPCO},
   MRCLASS = {18D15 (03C95 18F20 18G55)},
  MRNUMBER = {MR1780498 (2001i:18015)},
MRREVIEWER = {Masahiko Niwa},
}

@article {Luria,
    AUTHOR = {Luria, Jacob},
     TITLE = {Higher Topos Theory},
   JOURNAL = {http://math.mit.edu/~lurie/}
   }


@article {Beck,
    AUTHOR = {Beck, Jonathan Mock},
     TITLE = {Triples, algebras and cohomology},
   JOURNAL = {Repr. Theory Appl. Categ.},
  FJOURNAL = {Reprints in Theory and Applications of Categories},
    NUMBER = {2},
      YEAR = {2003},
     PAGES = {1--59 (electronic)},
      ISSN = {1201-561X},
   MRCLASS = {18C15 (18C20 18G30)},
  MRNUMBER = {MR1987896 (2004h:18003)},
MRREVIEWER = {Andreas Blass},
}
	
	@book {Rao,
    AUTHOR = {Rao, M. M.},
     TITLE = {Stochastic processes and integration},
 PUBLISHER = {Martinus Nijhoff Publishers},
   ADDRESS = {The Hague},
      YEAR = {1979},
     PAGES = {456},
      ISBN = {90-286-04383},
   MRCLASS = {60-02 (28-02)},
  MRNUMBER = {MR546709 (81i:60002)},
MRREVIEWER = {M. M{\'e}tivier},
}
		
		@book {Dynkin1,
    AUTHOR = {Dynkin, E. B.},
     TITLE = {Theory of {M}arkov processes},
      NOTE = {Translated from the {R}ussian by D. E. Brown and edited by T.
              K{\"o}v{\'a}ry,
              Reprint of the 1961 English translation},
 PUBLISHER = {Dover Publications Inc.},
   ADDRESS = {Mineola, NY},
      YEAR = {2006},
     PAGES = {xii+210},
      ISBN = {0-486-45305-7},
   MRCLASS = {60-02 (60J25)},
  MRNUMBER = {MR2305744 (2007m:60002)},
}
	
	@incollection {Deglise1,
    AUTHOR = {D{\'e}glise, Fr{\'e}d{\'e}ric},
     TITLE = {Finite correspondences and transfers over a regular base},
 BOOKTITLE = {Algebraic cycles and motives. {V}ol. 1},
    SERIES = {London Math. Soc. Lecture Note Ser.},
    VOLUME = {343},
     PAGES = {138--205},
 PUBLISHER = {Cambridge Univ. Press},
   ADDRESS = {Cambridge},
      YEAR = {2007},
   MRCLASS = {14F42 (14C17 14C25)},
  MRNUMBER = {MR2385302 (2009a:14026)},
MRREVIEWER = {Oliver R{\"o}ndigs},
}
		
		
		@book {Fuchs,
    AUTHOR = {Fuchs, L{\'a}szl{\'o}},
     TITLE = {Infinite abelian groups. {V}ol. {II}},
      NOTE = {Pure and Applied Mathematics. Vol. 36-II},
 PUBLISHER = {Academic Press},
   ADDRESS = {New York},
      YEAR = {1973},
     PAGES = {ix+363},
   MRCLASS = {20KXX},
  MRNUMBER = {MR0349869 (50 \#2362)},
MRREVIEWER = {E. A. Walker},
}

@incollection {Suslin.collection,
    AUTHOR = {Suslin, Andrei A.},
     TITLE = {Higher {C}how groups and etale cohomology},
 BOOKTITLE = {Cycles, transfers, and motivic homology theories},
    SERIES = {Ann. of Math. Stud.},
    VOLUME = {143},
     PAGES = {239--254},
 PUBLISHER = {Princeton Univ. Press},
   ADDRESS = {Princeton, NJ},
      YEAR = {2000},
   MRCLASS = {14C15 (14F20)},
  MRNUMBER = {MR1764203},
}


@incollection {Hironaka2,
    AUTHOR = {Hironaka, Heisuke},
     TITLE = {Triangulations of algebraic sets},
 BOOKTITLE = {Algebraic geometry ({P}roc. {S}ympos. {P}ure {M}ath., {V}ol.
              29, {H}umboldt {S}tate {U}niv., {A}rcata, {C}alif., 1974)},
     PAGES = {165--185},
 PUBLISHER = {Amer. Math. Soc.},
   ADDRESS = {Providence, R.I.},
      YEAR = {1975},
   MRCLASS = {14B99 (32B20 57C15)},
  MRNUMBER = {MR0374131 (51 \#10331)},
MRREVIEWER = {Andre Galligo},
}
		
		
		@article {GAGA,
    AUTHOR = {Serre, Jean-Pierre},
     TITLE = {G\'eom\'etrie alg\'ebrique et g\'eom\'etrie analytique},
   JOURNAL = {Ann. Inst. Fourier, Grenoble},
  FJOURNAL = {Universit\'e de Grenoble. Annales de l'Institut Fourier},
    VOLUME = {6},
      YEAR = {1955--1956},
     PAGES = {1--42},
      ISSN = {0373-0956},
   MRCLASS = {53.3X},
  MRNUMBER = {MR0082175 (18,511a)},
MRREVIEWER = {H. Cartan},
}
	
	
	@book {Streicher,
    AUTHOR = {Streicher, Thomas},
     TITLE = {Semantics of type theory},
    SERIES = {Progress in Theoretical Computer Science},
      NOTE = {Correctness, completeness and independence results,
              With a foreword by Martin Wirsing},
 PUBLISHER = {Birkh\"auser Boston Inc.},
   ADDRESS = {Boston, MA},
      YEAR = {1991},
     PAGES = {xii+298},
      ISBN = {0-8176-3594-7},
   MRCLASS = {68Q55 (03B40 03B70 03F50 06B35 68Q65)},
  MRNUMBER = {MR1134134 (93d:68042)},
MRREVIEWER = {John C. Mitchell},
}

@incollection {Mohring1,
    AUTHOR = {Paulin-Mohring, Christine},
     TITLE = {Inductive definitions in the system {C}oq; rules and
              properties},
 BOOKTITLE = {Typed lambda calculi and applications ({U}trecht, 1993)},
    SERIES = {Lecture Notes in Comput. Sci.},
    VOLUME = {664},
     PAGES = {328--345},
 PUBLISHER = {Springer},
   ADDRESS = {Berlin},
      YEAR = {1993},
   MRCLASS = {68Q55 (03B40 03B70)},
  MRNUMBER = {MR1233158 (94e:68111)},
}


@book {Jacobs1,
    AUTHOR = {Jacobs, Bart},
     TITLE = {Categorical logic and type theory},
    SERIES = {Studies in Logic and the Foundations of Mathematics},
    VOLUME = {141},
 PUBLISHER = {North-Holland Publishing Co.},
   ADDRESS = {Amsterdam},
      YEAR = {1999},
     PAGES = {xviii+760},
      ISBN = {0-444-50170-3},
   MRCLASS = {03G30 (03-02 03B15 03B40)},
  MRNUMBER = {MR1674451 (2001b:03077)},
MRREVIEWER = {Andreas Blass},
}

@book {Baader1,
    AUTHOR = {Baader, Franz and Nipkow, Tobias},
     TITLE = {Term rewriting and all that},
 PUBLISHER = {Cambridge University Press},
   ADDRESS = {Cambridge},
      YEAR = {1998},
     PAGES = {xii+301},
      ISBN = {0-521-45520-0; 0-521-77920-0},
   MRCLASS = {68Q42 (03B35 08A70 68-02 68Q40)},
  MRNUMBER = {MR1629216 (99k:68088)},
MRREVIEWER = {Klaus Madlener},
}

@article {Quillen2,
    AUTHOR = {Quillen, Daniel G.},
     TITLE = {The geometric realization of a {K}an fibration is a {S}erre
              fibration},
   JOURNAL = {Proc. Amer. Math. Soc.},
  FJOURNAL = {Proceedings of the American Mathematical Society},
    VOLUME = {19},
      YEAR = {1968},
     PAGES = {1499--1500},
      ISSN = {0002-9939},
   MRCLASS = {55.50},
  MRNUMBER = {MR0238322 (38 \#6598)},
MRREVIEWER = {H. Wada},
}


@book {SGA41,
     TITLE = {Th\'eorie des topos et cohomologie \'etale des sch\'emas.
              {T}ome 1: {T}h\'eorie des topos},
    SERIES = {Lecture Notes in Mathematics, Vol. 269},
      NOTE = {S{\'e}minaire de G{\'e}om{\'e}trie Alg{\'e}brique du
              Bois-Marie 1963--1964 (SGA 4),
              Dirig{\'e} par M. Artin, A. Grothendieck, et J. L. Verdier.
              Avec la collaboration de N. Bourbaki, P. Deligne et B.
              Saint-Donat},
 PUBLISHER = {Springer-Verlag},
   ADDRESS = {Berlin},
      YEAR = {1972},
     PAGES = {xix+525},
   MRCLASS = {14-06},
  MRNUMBER = {MR0354652 (50 \#7130)},
}
	
	
	@article {Nakaoka,
    AUTHOR = {Nakaoka, Minoru},
     TITLE = {Cohomology mod {$p$} of symmetric products of spheres},
   JOURNAL = {J. Inst. Polytech. Osaka City Univ. Ser. A},
    VOLUME = {9},
      YEAR = {1958},
     PAGES = {1--18},
   MRCLASS = {55.00},
  MRNUMBER = {MR0121788 (22 \#12519b)},
}
	

@incollection {Mayqf,
    AUTHOR = {May, J. P.},
     TITLE = {Weak equivalences and quasifibrations},
 BOOKTITLE = {Groups of self-equivalences and related topics ({M}ontreal,
              {PQ}, 1988)},
    SERIES = {Lecture Notes in Math.},
    VOLUME = {1425},
     PAGES = {91--101},
 PUBLISHER = {Springer},
   ADDRESS = {Berlin},
      YEAR = {1990},
   MRCLASS = {55R65 (55P99)},
  MRNUMBER = {MR1070579 (91m:55016)},
MRREVIEWER = {A. Dold},
}
	
	
	@article {Dugger,
    AUTHOR = {Dugger, Daniel and Isaksen, Daniel C.},
     TITLE = {Topological hypercovers and {$\Bbb A^1$}-realizations},
   JOURNAL = {Math. Z.},
  FJOURNAL = {Mathematische Zeitschrift},
    VOLUME = {246},
      YEAR = {2004},
    NUMBER = {4},
     PAGES = {667--689},
      ISSN = {0025-5874},
     CODEN = {MAZEAX},
   MRCLASS = {55U35 (14F20 14F42)},
  MRNUMBER = {MR2045835 (2005d:55026)},
MRREVIEWER = {Elias Gabriel Minian},
       DOI = {10.1007/s00209-003-0607-y},
       URL = {http://dx.doi.org/10.1007/s00209-003-0607-y},
}


@incollection {Blanqui2,
    AUTHOR = {Blanqui, Fr{\'e}d{\'e}ric},
     TITLE = {Inductive types in the calculus of algebraic constructions},
 BOOKTITLE = {Typed lambda calculi and applications ({V}alencia, 2003)},
    SERIES = {Lecture Notes in Comput. Sci.},
    VOLUME = {2701},
     PAGES = {46--59},
 PUBLISHER = {Springer},
   ADDRESS = {Berlin},
      YEAR = {2003},
   MRCLASS = {03B40 (68N18)},
  MRNUMBER = {MR2040487},
}
	
@incollection{Blanqui1,
    AUTHOR = {Blanqui, Fr{\'e}d{\'e}ric},
     TITLE = {Type theory and rewritting},
 BOOKTITLE = {Ph. D. Thesis},
     PAGES = {1--139},
   ADDRESS = {Orsay},
      YEAR = {2001},
}

@INPROCEEDINGS{Abbott1,
    author = {Michael Abbott and Thorsten Altenkirch and Neil Ghani},
    title = {Categories of Containers},
    booktitle = {In Proceedings of Foundations of Software Science and Computation Structures},
    year = {2003}
}

@inproceedings{Werner,
author={Werner, B.},
title={Une Théorie des Constructions Inductives}, 
booktitle={Thèse de Doctorat},
year={1994}
}


@article {Palmgren1,
    AUTHOR = {Palmgren, E. and Vickers, S. J.},
     TITLE = {Partial horn logic and {C}artesian categories},
   JOURNAL = {Ann. Pure Appl. Logic},
  FJOURNAL = {Annals of Pure and Applied Logic},
    VOLUME = {145},
      YEAR = {2007},
    NUMBER = {3},
     PAGES = {314--353},
      ISSN = {0168-0072},
     CODEN = {APALD7},
   MRCLASS = {03G30 (03C05 18C10)},
  MRNUMBER = {MR2286417 (2007k:03189)},
MRREVIEWER = {Anna Labella},
       DOI = {10.1016/j.apal.2006.10.001},
       URL = {http://dx.doi.org/10.1016/j.apal.2006.10.001},
}
	
	
	@inproceedings{Altenkirch1,
  author = {Thorsten Altenkirch and Peter Morris},
  booktitle = {LICS},
  crossref = {conf/lics/2009},
  interHash = {c2ad7d63cd86edc4123c8317c5ce136d},
  intraHash = {1838c00924f81046a14ad7a514661ad2},
  pages = {277-285},
  publisher = {IEEE Computer Society},
  title = {Indexed Containers.},
  url = {http://dblp.uni-trier.de/db/conf/lics/lics2009.html#AltenkirchM09},
  year = {2009},
  ee = {http://dx.doi.org/10.1109/LICS.2009.33},
  isbn = {978-0-7695-3746-7},
  date = {2009-11-27}
}


@article {Cartmell1,
    AUTHOR = {Cartmell, John},
     TITLE = {Generalised algebraic theories and contextual categories},
   JOURNAL = {Ann. Pure Appl. Logic},
  FJOURNAL = {Annals of Pure and Applied Logic},
    VOLUME = {32},
      YEAR = {1986},
    NUMBER = {3},
     PAGES = {209--243},
      ISSN = {0168-0072},
     CODEN = {APALD7},
   MRCLASS = {03G30 (18A15 18C10)},
  MRNUMBER = {MR865990 (88j:03046)},
MRREVIEWER = {S. Comer},
       DOI = {10.1016/0168-0072(86)90053-9},
       URL = {http://dx.doi.org/10.1016/0168-0072(86)90053-9},
}

@article {Cartmell0,
    AUTHOR = {Cartmell, John},
     TITLE = {Generalised algebraic theories and contextual categories},
   JOURNAL = {Ph.D. Thesis, Oxford University},
      YEAR = {1978},
       NOTE = {\url{http://www.cs.ru.nl/~spitters/Cartmell.pdf}},
}

@article {Cartmell2014,
    AUTHOR = {Cartmell, John},
     TITLE = {Meta-Theory of Generalised Algebraic Theories},
      YEAR = {October, 2014},
       JOURNAL = {Private communication},
}


@article {HSUniverses,
    AUTHOR = {Hofmann, Martin and Streicher, Thomas},
     TITLE = {Lifting Grothendieck Universes},
       JOURNAL = {http://www.mathematik.tu-darmstadt.de/~streicher/NOTES/lift.pdf},
}




@incollection {Hofmann1,
    AUTHOR = {Hofmann, Martin and Streicher, Thomas},
     TITLE = {The groupoid interpretation of type theory},
 BOOKTITLE = {Twenty-five years of constructive type theory ({V}enice,
              1995)},
    SERIES = {Oxford Logic Guides},
    VOLUME = {36},
     PAGES = {83--111},
 PUBLISHER = {Oxford Univ. Press},
   ADDRESS = {New York},
      YEAR = {1998},
   MRCLASS = {03B15 (68N15 68Q55)},
  MRNUMBER = {MR1686862},
}

@incollection {MH1995,
    AUTHOR = {Hofmann, Martin},
     TITLE = {Syntax and semantics of dependent types},
 BOOKTITLE = {Semantics and logics of computation ({C}ambridge, 1995)},
    SERIES = {Publ. Newton Inst.},
    VOLUME = {14},
     PAGES = {79--130},
 PUBLISHER = {Cambridge Univ. Press, Cambridge},
      YEAR = {1997},
   MRCLASS = {03B70 (68N15 68Q55)},
  MRNUMBER = {1629519},
       DOI = {10.1017/CBO9780511526619.004},
       URL = {http://dx.doi.org/10.1017/CBO9780511526619.004},
}

@incollection {Hofmann,
    AUTHOR = {Hofmann, Martin},
     TITLE = {Syntax and semantics of dependent types},
 BOOKTITLE = {Semantics and logics of computation ({C}ambridge, 1995)},
    SERIES = {Publ. Newton Inst.},
    VOLUME = {14},
     PAGES = {79--130},
 PUBLISHER = {Cambridge Univ. Press, Cambridge},
      YEAR = {1997},
   MRCLASS = {03B70 (68N15 68Q55)},
  MRNUMBER = {1629519},
       DOI = {10.1017/CBO9780511526619.004},
       URL = {http://dx.doi.org/10.1017/CBO9780511526619.004},
}




@incollection {HofmannStreicher,
    AUTHOR = {Hofmann, Martin and Streicher, Thomas},
     TITLE = {The groupoid interpretation of type theory},
 BOOKTITLE = {Twenty-five years of constructive type theory ({V}enice,
              1995)},
    SERIES = {Oxford Logic Guides},
    VOLUME = {36},
     PAGES = {83--111},
 PUBLISHER = {Oxford Univ. Press},
   ADDRESS = {New York},
      YEAR = {1998},
   MRCLASS = {03B15 (68N15 68Q55)},
  MRNUMBER = {MR1686862},
}


@article {deBrijn1972,
    AUTHOR = {de Bruijn, N. G.},
     TITLE = {Lambda calculus notation with nameless dummies, a tool for
              automatic formula manipulation, with application to the
              {C}hurch-{R}osser theorem},
   JOURNAL = {Nederl. Akad. Wetensch. Proc. Ser. A {\bf 75}=Indag. Math.},
    VOLUME = {34},
      YEAR = {1972},
     PAGES = {381--392},
   MRCLASS = {02C20},
  MRNUMBER = {0321704},
MRREVIEWER = {B. Lercher},
}

@incollection {deBruijn,
    AUTHOR = {de Bruijn, N. G.},
     TITLE = {Lambda calculus notation with nameless dummies, a tool for
              automatic formula manipulation, with application to the
              {C}hurch-{R}osser theorem [ {MR}0321704 (48 \#71)]},
 BOOKTITLE = {Selected papers on {A}utomath},
    SERIES = {Stud. Logic Found. Math.},
    VOLUME = {133},
     PAGES = {375--388},
 PUBLISHER = {North-Holland},
   ADDRESS = {Amsterdam},
      YEAR = {1994},
   MRCLASS = {03B35 (03B40)},
  MRNUMBER = {1429414},
       DOI = {10.1016/S0049-237X(08)70216-7},
       URL = {http://dx.doi.org/10.1016/S0049-237X(08)70216-7},
}



@incollection {Dybjer,
    AUTHOR = {Dybjer, Peter},
     TITLE = {Internal type theory},
 BOOKTITLE = {Types for proofs and programs ({T}orino, 1995)},
    SERIES = {Lecture Notes in Comput. Sci.},
    VOLUME = {1158},
     PAGES = {120--134},
 PUBLISHER = {Springer, Berlin},
      YEAR = {1996},
   MRCLASS = {03G30 (03B15 03B35 03F55 18B99)},
  MRNUMBER = {1474535 (98e:03040)},
       DOI = {10.1007/3-540-61780-9_66},
       URL = {http://dx.doi.org/10.1007/3-540-61780-9_66},
}




@book {Pitts,
    AUTHOR = {Pitts, Andrew M.},
     TITLE = {Nominal sets},
    SERIES = {Cambridge Tracts in Theoretical Computer Science},
    VOLUME = {57},
      NOTE = {Names and symmetry in computer science},
 PUBLISHER = {Cambridge University Press},
   ADDRESS = {Cambridge},
      YEAR = {2013},
     PAGES = {xiv+276},
      ISBN = {978-1-107-01778-8},
   MRCLASS = {03B70 (03-02 03G30 18-02 68-02 68Q55 68Q65)},
  MRNUMBER = {3113350},
       DOI = {10.1017/CBO9781139084673},
       URL = {http://dx.doi.org/10.1017/CBO9781139084673},
}

@article {NTS,
    AUTHOR = {Voevodsky, Vladimir},
     TITLE = {Notes on type systems},
     YEAR = {2009--2012},
   Note = {\url{https://github.com/vladimirias/old_notes_on_type_systems}},
   }
      
   @article {Bsystems,
    AUTHOR = {Voevodsky, Vladimir},
     TITLE = {B-systems},
     YEAR = {2014},
     pages = {1--17},
   JOURNAL = {arXiv 1410.5389},
   NOTE = {\url{http://arxiv.org/abs/1410.5389}},
   }
                  
   @article {Bsystemsnew,
    AUTHOR = {Voevodsky, Vladimir},
    TITLE = {B-systems},
     YEAR = {2016, January},
    JOURNAL = {Voevodsky Archives},
    NOTE = {\url{https://www.math.ias.edu/Voevodsky/voevodsky-publications_abstracts.html#1410.5389}}
   }
   
   @article {Wolf,
    AUTHOR = {Voevodsky, Vladimir},
     TITLE = {Categories and functors in mathematics},
     YEAR = {1999},
     pages={1--18},
   JOURNAL = {Unpublished},
   URL = {http://www.math.ias.edu/vladimir/files/wolf.pdf}
    }
    
    @article {Fourfunctors,
    AUTHOR = {Voevodsky, Vladimir},
     TITLE = {Four functors formalism},
     YEAR = {1999},
     MONTH={March},
     pages={1--20},
   JOURNAL = {Unpublished},
   URL = {http://www.math.ias.edu/vladimir/files/2015_todeligne3_copy.pdf}
    }
    
    @article {Delnotes2001,
    AUTHOR = {Deligne, Pierre},
     TITLE = {Voevodsky's lectures on cross functors, Fall 2001},
     YEAR = {2001},
     pages={1--41},
   JOURNAL = {Unpublished},
   URL = {http://www.math.ias.edu/vladimir/files/2015_transfer_from_ps_delnotes01.pdf}
    }
    
@article {Averyshortnote,
    AUTHOR = {Voevodsky, Vladimir},
     TITLE = {A very short note on homotopy $\lambda$-calculus},
     YEAR = {2006},
     month={September},
     pages={1--7},
   JOURNAL = {Unpublished},
   url={http://www.math.ias.edu/vladimir/files/2006_09_Hlambda.pdf}
   }

   @incollection {Csubsystems,
    AUTHOR = {Voevodsky, Vladimir},
     TITLE = {Subsystems and regular quotients of {C}-systems},
 BOOKTITLE = {A panorama of mathematics: pure and applied},
    SERIES = {Contemp. Math.},
    VOLUME = {658},
     PAGES = {127--137},
 PUBLISHER = {Amer. Math. Soc., Providence, RI},
      YEAR = {2016},
   MRCLASS = {03B15 (03B22 03F50 03G25)},
  MRNUMBER = {3475277},
MRREVIEWER = {Krzysztof R. Kapulkin},
       DOI = {10.1090/conm/658/13124},
       URL = {http://dx.doi.org/10.1090/conm/658/13124},
       Note = {Prepublication version in \url{http://arxiv.org/abs/1406.7413}},
}
   
   
   @article {fromunivwithPi,
    AUTHOR = {Voevodsky, Vladimir},
     TITLE = {Products of families of types in the {C-systems} defined by a universe category},
     YEAR = {2015},
     pages={1--30},
   JOURNAL = {arXiv 1503.07072},
   url={http://arxiv.org/abs/1503.07072}
   }
   
   @article {fromunivwithPiI,
    AUTHOR = {Voevodsky, Vladimir},
     TITLE = {Products of families of types and {$(\Pi,\lambda)$}-structures
              on {C}-systems},
   JOURNAL = {Theory Appl. Categ.},
  FJOURNAL = {Theory and Applications of Categories},
    VOLUME = {31},
      YEAR = {2016},
     PAGES = {Paper No. 36, 1044--1094},
      ISSN = {1201-561X},
   MRCLASS = {03F50 (03B15 18C50 18D15)},
  MRNUMBER = {3584698},
   NOTE = {\url{http://www.tac.mta.ca/tac/volumes/31/36/31-36.pdf}},
   }
   
   @article {presheavesOb,
    AUTHOR = {Voevodsky, Vladimir},
     TITLE = {C-systems defined by universe categories: presheaves},
   JOURNAL = {Theory Appl. Categ.},
  FJOURNAL = {Theory and Applications of Categories},
    VOLUME = {32},
      YEAR = {2017},
     PAGES = {Paper No. 3, 53--112},
      ISSN = {1201-561X},
   MRCLASS = {18D15 (03F50)},
  MRNUMBER = {3607209},
   NOTE = {\url{http://www.tac.mta.ca/tac/volumes/32/3/32-03.pdf}},
   }

@article {fromunivwithPiII,
    AUTHOR = {Voevodsky, Vladimir},
     TITLE = {The {$(\Pi, \lambda)$}-structures on the {C}-systems defined
              by universe categories},
   JOURNAL = {Theory Appl. Categ.},
  FJOURNAL = {Theory and Applications of Categories},
    VOLUME = {32},
      YEAR = {2017},
     PAGES = {Paper No. 4, 113--121},
      ISSN = {1201-561X},
   MRCLASS = {18C50 (03B15 03F50 18D15)},
  MRNUMBER = {3607210},
  Note={\url{http://www.tac.mta.ca/tac/volumes/32/4/32-04.pdf}},
}
   

   @article {ClairDybjer,
    AUTHOR = {Clairambault, Pierre and Dybjer, Peter},
     TITLE = {The biequivalence of locally cartesian closed categories and
              {M}artin-{L}\"of type theories},
   JOURNAL = {Math. Structures Comput. Sci.},
  FJOURNAL = {Mathematical Structures in Computer Science. A Journal in the
              Applications of Categorical, Algebraic and Geometric Methods
              in Computer Science},
    VOLUME = {24},
      YEAR = {2014},
    NUMBER = {6},
     PAGES = {e240606, 54},
      ISSN = {0960-1295},
   MRCLASS = {03B15 (03B20 18A15)},
  MRNUMBER = {3272793},
MRREVIEWER = {Esfandiar Haghverdi},
       DOI = {10.1017/S0960129513000881},
       URL = {http://dx.doi.org/10.1017/S0960129513000881},
}

   
   @article {fromunivwithpaths,
    AUTHOR = {Voevodsky, Vladimir},
     TITLE = {Martin-{L}of identity types in the {C}-systems defined by a universe
 category},
     YEAR = {2015},
     pages={1--51},
   JOURNAL = {arXiv 1505.06446},
   url={http://arxiv.org/abs/1505.06446},
   Note ={\url{http://arxiv.org/abs/1505.06446}, under review in Publication IHES},
   }

   
   
   
   @article {Cofamodule,
    AUTHOR = {Voevodsky, Vladimir},
     TITLE = {{C-system} of a module over a monad on sets},
     YEAR = {2014},
     pages={1--20},
   JOURNAL = {arXiv 1407.3394},
   Note ={\url{http://arxiv.org/abs/1407.3394}},
   url={http://arxiv.org/abs/1407.3394}
   }
   
   @article {Cfromauniverse_old,
    AUTHOR = {Voevodsky, Vladimir},
     TITLE = {A {C-system} defined by a universe category},
     pages={1--33},
     YEAR = {2015},
   JOURNAL = {arXiv 1409.7925, accepted to Theory and Applications of Categories},
   url={http://arxiv.org/abs/1409.7925}
   }
   
   
   @article {Cfromauniverse,
    AUTHOR = {Voevodsky, Vladimir},
     TITLE = {A {C}-system defined by a universe category},
   JOURNAL = {Theory Appl. Categ.},
  FJOURNAL = {Theory and Applications of Categories},
    VOLUME = {30},
      YEAR = {2015},
      number = {37},
     PAGES = {1181--1215},
      ISSN = {1201-561X},
   MRCLASS = {18Cxx (03G30)},
  MRNUMBER = {3402489},
  url = {http://www.tac.mta.ca/tac/volumes/30/37/30-37.pdf},
  Note = {\url{http://www.tac.mta.ca/tac/volumes/30/37/30-37.pdf}},
}

@article {LandC,
    AUTHOR = {Voevodsky, Vladimir and Fiore, Marcelo},
     TITLE = {Lawvere theories and {C-systems}},
     pages={1--15},
     YEAR = {2015},
   url={http://arxiv.org/abs/1512.08104},
   Note ={\url{http://arxiv.org/abs/1512.08104}, to appear, Proceedings of the American Mathematical Society},
   }

   @article {LandJf,
    AUTHOR = {Voevodsky, Vladimir},
     TITLE = {Lawvere theories and {Jf}-relative monads},
     pages={1--21},
     YEAR = {2016},
     Month = {January 9,},
   Note = {\url{http://arxiv.org/abs/1601.02158}},
   }

@article {CandJf,
    AUTHOR = {Voevodsky, Vladimir},
     TITLE = {{C}-system of a module over a {Jf}-relative monad},
     pages={1--32},
     Year = {2016},
     Month = {February 1,},
   JOURNAL = {arXiv 1602.00352},
   url={http://arxiv.org/abs/1602.00352},
   Note = {\url{http://arxiv.org/abs/1602.00352}, under review in Pure and Applied Algebra}
   }
   
   @article {CandJfsubquot,
    AUTHOR = {Voevodsky, Vladimir},
     TITLE = {The regular sub-quotients of the {C}-systems {$CC(\RR,\LM)$}},
     Year = {2017},
   JOURNAL = {In preparation},
   }






@article {Simplnerve,
    AUTHOR = {Kapulkin Krzysztof and Voevodsky, Vladimir},
     TITLE = {Simplicial nerve of a cubical category},
     pages={1--20},
     YEAR = {2015},
   JOURNAL = {In preparation}   
   }

   
   
   
   @article {fromunivwithsums,
    AUTHOR = {Voevodsky, Vladimir},
     TITLE = {Interpretation of the rules for dependent sums on the {C-system} defined by a universe category},
     pages={1--38},
     YEAR = {2016},
     JOURNAL = {In preparation}
   }


	
@article {PVW2015,
    AUTHOR = {Pelayo, {\'A}lvaro and Voevodsky, Vladimir and Warren, Michael
              A.},
     TITLE = {A univalent formalization of the {$p$}-adic numbers},
   JOURNAL = {Math. Structures Comput. Sci.},
  FJOURNAL = {Mathematical Structures in Computer Science. A Journal in the
              Applications of Categorical, Algebraic and Geometric Methods
              in Computer Science},
    VOLUME = {25},
      YEAR = {2015},
    NUMBER = {5},
     PAGES = {1147--1171},
      ISSN = {0960-1295},
   MRCLASS = {03B35 (11S80)},
  MRNUMBER = {3340539},
       DOI = {10.1017/S0960129514000541},
       URL = {http://dx.doi.org/10.1017/S0960129514000541},
}
	
@article {UniMath2015,
    AUTHOR = {Voevodsky, Vladimir},
     TITLE = {An experimental library of formalized mathematics based on the
              univalent foundations},
   JOURNAL = {Math. Structures Comput. Sci.},
  FJOURNAL = {Mathematical Structures in Computer Science. A Journal in the
              Applications of Categorical, Algebraic and Geometric Methods
              in Computer Science},
    VOLUME = {25},
      YEAR = {2015},
    NUMBER = {5},
     PAGES = {1278--1294},
      ISSN = {0960-1295},
   MRCLASS = {68N18 (03B35)},
  MRNUMBER = {3340542},
       DOI = {10.1017/S0960129514000577},
       URL = {http://dx.doi.org/10.1017/S0960129514000577},
}


@Misc{UniMath,
author = {Voevodsky, Vladimir and Ahrens, Benedikt and Grayson, Daniel and others},
title = {{\em UniMath} - a library of formalized mathematics},
howpublished = {Available at \url{https://github.com/UniMath}}
}



@book {Lambek,
    AUTHOR = {Lambek, J. and Scott, P. J.},
     TITLE = {Introduction to higher order categorical logic},
    SERIES = {Cambridge Studies in Advanced Mathematics},
    VOLUME = {7},
      NOTE = {Reprint of the 1986 original},
 PUBLISHER = {Cambridge University Press},
   ADDRESS = {Cambridge},
      YEAR = {1988},
     PAGES = {x+293},
      ISBN = {0-521-35653-9},
   MRCLASS = {03B40 (03-02 03B15 03G30 18-02 18B25 18D15)},
  MRNUMBER = {939612 (89a:03024)},
}



@article {PV1,
    AUTHOR = {Pelayo, {\'A}lvaro and Warren, Michael A.},
     TITLE = {Homotopy type theory and {V}oevodsky's univalent foundations},
   JOURNAL = {Bull. Amer. Math. Soc. (N.S.)},
  FJOURNAL = {American Mathematical Society. Bulletin. New Series},
    VOLUME = {51},
      YEAR = {2014},
    NUMBER = {4},
     PAGES = {597--648},
      ISSN = {0273-0979},
   MRCLASS = {Preliminary Data},
  MRNUMBER = {3237761},
       DOI = {10.1090/S0273-0979-2014-01456-9},
       URL = {http://dx.doi.org/10.1090/S0273-0979-2014-01456-9},
}

		
@book {HoTTbook,
    AUTHOR = {The Univalent Foundations Program},
     TITLE = {Homotopy type theory---univalent foundations of mathematics},
 PUBLISHER = {The Univalent Foundations Program, Princeton, NJ; Institute
              for Advanced Study (IAS), Princeton, NJ},
      YEAR = {2013},
     PAGES = {xiv+589},
   MRCLASS = {03-02 (03B15)},
  MRNUMBER = {3204653},
}
		
@article {APV,
    AUTHOR = {Awodey, Steve and Pelayo, {\'A}lvaro and Warren, Michael A.},
     TITLE = {Voevodsky's univalence axiom in homotopy type theory},
   JOURNAL = {Notices Amer. Math. Soc.},
  FJOURNAL = {Notices of the American Mathematical Society},
    VOLUME = {60},
      YEAR = {2013},
    NUMBER = {9},
     PAGES = {1164--1167},
      ISSN = {0002-9920},
   MRCLASS = {03B15 (55P99)},
  MRNUMBER = {3113277},
MRREVIEWER = {Julio Rubio},
       DOI = {10.1090/noti1043},
       URL = {http://dx.doi.org/10.1090/noti1043},
}
		
@article {RezkCompletion,
    AUTHOR = {Ahrens, Benedikt and Kapulkin, Krzysztof and Shulman, Michael},
     TITLE = {Univalent categories and the {R}ezk completion},
   JOURNAL = {Math. Structures Comput. Sci.},
  FJOURNAL = {Mathematical Structures in Computer Science. A Journal in the
              Applications of Categorical, Algebraic and Geometric Methods
              in Computer Science},
    VOLUME = {25},
      YEAR = {2015},
    NUMBER = {5},
     PAGES = {1010--1039},
      ISSN = {0960-1295},
   MRCLASS = {18B99 (03B15)},
  MRNUMBER = {3340533},
       DOI = {10.1017/S0960129514000486},
       URL = {http://dx.doi.org/10.1017/S0960129514000486},
}

@article{PVW1,

AUTHOR={Pelayo, A. and Voevodsky, V. and Warren, M. A.},
TITLE={A univalent formalization of the p-adic numbers},
JOURNAL={Mathematical Structures in Computer Science, Available on CJO 2015},
DOI={10.1017/S0960129514000541},
YEAR={2015},
}

@article{padics,

AUTHOR={Pelayo, A. and Voevodsky, V. and Warren, M. A.},
TITLE={A univalent formalization of the p-adic numbers},
JOURNAL={Mathematical Structures in Computer Science, Available on CJO 2015},
DOI={10.1017/S0960129514000541},
YEAR={2015},
}


@article{VUFlib,

AUTHOR={Vladimir Voevodsky},
TITLE={Experimental library of univalent formalization of mathematics},
JOURNAL={To appear in Mathematical Structures in Computer Science, available at \url{http://arxiv.org/abs/1401.0053}},
YEAR={2013},
}

@article{KLV1,
AUTHOR={Krzysztof Kapulkin and Peter LeFanu Lumsdaine},
TITLE={The {S}implicial {M}odel of {U}nivalent {F}oundations (after {V}oevodsky)},
JOURNAL={Journal of the European Mathematical Society},
VOLUME={23},
PAGES={2071–2126},
doi = {10.4171/JEMS/1050},
url = {https://dx.doi.org/10.4171/JEMS/1050},
note = {Preprint available at \url{http://arxiv.org/abs/1211.2851}; published version available at \url{https://dx.doi.org/10.4171/JEMS/1050}.}
YEAR={2021},
}

@article{CMUtalk,

AUTHOR={Vladimir Voevodsky},
TITLE={The equivalence axiom and univalent models of type theory},
pages={1--11},
Note={\url{http://arxiv.org/abs/1402.5556}},
YEAR={2010},
Month={February 4,},
}

@article{Goteborgtalk,

AUTHOR={Vladimir Voevodsky},
TITLE={Univalent {F}oundations of {M}athematics},
JOURNAL={\url{https://github.com/vladimirias/2011_Goteborg}},
YEAR={September 5, 2011},
}



@article{VUFresizingslides,

AUTHOR={Vladimir Voevodsky},
TITLE={Resizing Rules - their use and semantic justification , slides from the talk at {TYPES2011}},
JOURNAL={\url{https://www.math.ias.edu/vladimir/sites/math.ias.edu.vladimir/files/2011_Bergen.pdf}},
YEAR={2011},
}

@article{UnivPoly,

AUTHOR={Vladimir Voevodsky},
TITLE={A universe polymorphic type system with resizing rules},
JOURNAL={\url{https://github.com/vladimirias/Universe_Polymorphic_Type_System}},
YEAR={2012,2014},
}

@article{HTS,

AUTHOR={Vladimir Voevodsky},
TITLE={A type system with two identity types},
JOURNAL={\url{https://github.com/vladimirias/2013_IAS_Joyal_Conference}},
YEAR={2013},
}

@article{ShulmanReedy,

AUTHOR={Michael Shulman},
TITLE={The univalence axiom for elegant Reedy presheaves},
JOURNAL={\url{http://arxiv.org/abs/1307.6248}},
YEAR={2013},
}

@article{BCH,

AUTHOR={Marc Bezem and Thierry Coquand and Simon Huber},
TITLE={A model of type theory in cubical sets},
JOURNAL={\url{http://www.cse.chalmers.se/~coquand/mod1.pdf}},
YEAR={2014},
}

@article{CoquandTalk,

AUTHOR={Thierry Coquand},
TITLE={Theorie des types dependants et axiome d’univalence},
VOLUME = {Slides of the talk at the Bourbaki Seminar},
JOURNAL={\url{http://www.cse.chalmers.se/~coquand/bourbaki.pdf}},
YEAR={June 21, 2014},
}


@article{CoquandPaper,

AUTHOR={Thierry Coquand},
TITLE={Theorie des types dependants et axiome d’univalence},
Number = {1085},
JOURNAL={Seminaire BOURBAKI, available at \url{http://www.cse.chalmers.se/~coquand/paperbourbaki.pdf}},
YEAR={2013-2014},
}



@article{ModKan,
Author = {Wouter Pieter Stekelenburg},
Title = {Realizability of {U}nivalence: Modest {K}an complexes},
Year = {2014},
Journal = {\url{http://arxiv.org/abs/1406.6579}},
}


@article{1408.3591,
Author = {Andrei Rodin},
Title = {On Constructive Axiomatic Method},
Year = {2014},
JOURNAL = {arXiv:1408.3591},
}

@article{AwodeyNM,
Author = {Steve Awodey},
Title = {Natural models of homotopy type theory},
Year = {2014},
JOURNAL = {\url{http://arxiv.org/abs/1406.3219}},
}

@article{1406.0058,
Author = {Denis-Charles Cisinski},
Title = {Univalent universes for elegant models of homotopy types},
Year = {2014},
JOURNAL = {\url{http://arxiv.org/abs/1406.0058}},
}

@article{Schreiber1,
Author = {Urs Schreiber},
Title = {Quantization via Linear homotopy types},
Year = {2014},
JOURNAL = {arXiv:1402.7041},
}

@article{1401.7807,
Author = {Andrew M. Pitts},
Title = {An Equivalent Presentation of the Bezem-Coquand-Huber Category of Cubical Sets},
Year = {2014},
JOURNAL = {\url{http://arxiv.org/abs/1401.7807}},
}

@article{1311.4002,
Author = {Nicolai Kraus and Christian Sattler},
Title = {On the Hierarchy of Univalent Universes: U(n) is not n-Truncated},
Year = {2013},
JOURNAL = {\url{http://arxiv.org/abs/1311.4002}},
}

@article{Schreiber2,
Author = {Urs Schreiber},
Title = {Classical field theory via {C}ohesive homotopy types},
Year = {2013},
JOURNAL = {\url{http://arxiv.org/abs/1311.1172}},
}

@article{BenoIeke,
Author = {Benno van den Berg and Ieke Moerdijk},
Title = {W-types in {H}omotopy {T}ype {T}heory},
Year = {2013},
JOURNAL = {\url{http://arxiv.org/abs/1307.2765}},
}


@article{1402.0761,
Author = {Kristina Sojakova},
Title = {Higher Inductive {T}ypes as {H}omotopy-{I}nitial {A}lgebras},
Year = {2014},
JOURNAL = {\url{http://arxiv.org/abs/1402.0761}},
}


@article{1311.1852,
Author = {James Cranch},
Title = {Concrete {C}ategories in {H}omotopy {T}ype {T}heory},
Year = {2013},
JOURNAL = {\url{http://arxiv.org/abs/1311.1852}},
}

@article{1304.0680,
Author = {Jeremy Avigad and Krzysztof Kapulkin and Peter LeFanu Lumsdaine},
Title = {Homotopy limits in type theory},
Year = {2013},
JOURNAL = {\url{http://arxiv.org/abs/1304.0680}},
}

@article{1301.3443,
Author = {Daniel R. Licata and Michael Shulman},
Title = {Calculating the {F}undamental {G}roup of the {C}ircle in {H}omotopy {T}ype {T}heory},
Year = {2013},
JOURNAL = {\url{http://arxiv.org/abs/1301.3443}},
}

@article{1206.1769,
Author = {Andrei Rodin},
Title = {Univalence and {C}onstructive {I}dentity},
Year = {2012},
JOURNAL = {\url{http://arxiv.org/abs/1206.1769}},
}

@article{1201.3898,
Author = {Steve Awodey and Nicola Gambino and Kristina Sojakova},
Title = {Inductive types in homotopy type theory},
Year = {2012},
JOURNAL = {\url{http://arxiv.org/abs/1201.3898}},
}



@article{1408.0054,
Author = {Urs Schreiber and Michael Shulman},
Title = {Quantum {G}auge {F}ield {T}heory in {C}ohesive {H}omotopy {T}ype {T}heory},
Year = {2014},
JOURNAL = {\url{http://arxiv.org/abs/1408.0054}},
Howpublished = {EPTCS 158, 2014, pp. 109-126},
Doi = {10.4204/EPTCS.158.8},
}

@article{RijkeSpitter,
Author = {Egbert Rijke and Bas Spitters},
Title = {Sets in homotopy type theory},
Year = {2013},
JOURNAL = {\url{http://arxiv.org/abs/1305.3835}},
Howpublished = {Special issue of Mathematical Structures in Computer Science: From
  type theory and homotopy theory to univalent foundations. 2014},
}







@incollection {Esquisse,
    AUTHOR = {Grothendieck, Alexandre},
     TITLE = {Esquisse d'un programme},
 BOOKTITLE = {Geometric {G}alois actions, 1},
    SERIES = {London Math. Soc. Lecture Note Ser.},
    VOLUME = {242},
     PAGES = {5--48},
      NOTE = {With an English translation on pp. 243--283},
 PUBLISHER = {Cambridge Univ. Press, Cambridge},
      YEAR = {1997},
   MRCLASS = {14H10 (14F20 14H30)},
  MRNUMBER = {1483107 (99c:14034)},
MRREVIEWER = {Hiroaki Nakamura},
}

@article{Makkai,

AUTHOR={M. Makkai},
TITLE={First Order Logic with Dependent Sorts, with Applications to Category Theory},
JOURNAL={Preprint, Available on the web},
YEAR={Nov. 6, 1995},
}

@book {Luo,
    AUTHOR = {Luo, Zhaohui},
     TITLE = {Computation and reasoning},
    SERIES = {International Series of Monographs on Computer Science},
    VOLUME = {11},
      NOTE = {A type theory for computer science},
 PUBLISHER = {The Clarendon Press, Oxford University Press, New York},
      YEAR = {1994},
     PAGES = {xii+228},
      ISBN = {0-19-853835-9},
   MRCLASS = {68Q60 (03B15 03B70 68Q65)},
  MRNUMBER = {1291601 (96b:68119)},
MRREVIEWER = {E. Ray Lucas},
}


@article {Coquand,
    AUTHOR = {Coquand, Thierry and Huet, G{\'e}rard},
     TITLE = {The calculus of constructions},
   JOURNAL = {Inform. and Comput.},
  FJOURNAL = {Information and Computation},
    VOLUME = {76},
      YEAR = {1988},
    NUMBER = {2-3},
     PAGES = {95--120},
      ISSN = {0890-5401},
   MRCLASS = {68Q55 (03B15 03B35 03B40 03B70)},
  MRNUMBER = {935892 (89j:68096)},
MRREVIEWER = {R. P. Nederpelt},
       DOI = {10.1016/0890-5401(88)90005-3},
       URL = {http://dx.doi.org/10.1016/0890-5401(88)90005-3},
}

@manual{Coq12,
 author      = {{Coq} {Development} {Team}, The},
 title       = {The {Coq} Reference Manual, version 8.4},
 month       = Aug,
 year        = {2012},
 note        = {Available electronically at \url{http://coq.inria.fr/doc}}
}


@article {Moggi91,
    AUTHOR = {Moggi, Eugenio},
     TITLE = {Notions of computation and monads},
      NOTE = {Selections from the 1989 IEEE Symposium on Logic in Computer
              Science},
   JOURNAL = {Inform. and Comput.},
  FJOURNAL = {Information and Computation},
    VOLUME = {93},
      YEAR = {1991},
    NUMBER = {1},
     PAGES = {55--92},
      ISSN = {0890-5401},
   MRCLASS = {03B40 (03B70 18C20 68Q55)},
  MRNUMBER = {1115262 (92j:03011)},
MRREVIEWER = {Edmund Robinson},
       DOI = {10.1016/0890-5401(91)90052-4},
       URL = {http://dx.doi.org/10.1016/0890-5401(91)90052-4},
}


@incollection {AczelGambino,
    AUTHOR = {Aczel, Peter and Gambino, Nicola},
     TITLE = {Collection principles in dependent type theory},
 BOOKTITLE = {Types for proofs and programs ({D}urham, 2000)},
    SERIES = {Lecture Notes in Comput. Sci.},
    VOLUME = {2277},
     PAGES = {1--23},
 PUBLISHER = {Springer, Berlin},
      YEAR = {2002},
   MRCLASS = {03B15 (03B20 03F55)},
  MRNUMBER = {2044527},
       DOI = {10.1007/3-540-45842-5_1},
       URL = {http://dx.doi.org/10.1007/3-540-45842-5_1},
}


@book {Awodey2006,
    AUTHOR = {Awodey, Steve},
     TITLE = {Category theory},
    SERIES = {Oxford Logic Guides},
    VOLUME = {49},
 PUBLISHER = {The Clarendon Press, Oxford University Press, New York},
      YEAR = {2006},
     PAGES = {xii+256},
      ISBN = {0-19-856861-4; 978-0-19-856861-2},
   MRCLASS = {18-01 (03G30 18A25)},
  MRNUMBER = {2229319},
MRREVIEWER = {Colin McLarty},
       DOI = {10.1093/acprof:oso/9780198568612.001.0001},
       URL = {http://dx.doi.org/10.1093/acprof:oso/9780198568612.001.0001},
}

@book {Awodey2010,
    AUTHOR = {Awodey, Steve},
     TITLE = {Category theory},
    SERIES = {Oxford Logic Guides},
    VOLUME = {52},
   EDITION = {Second},
 PUBLISHER = {Oxford University Press, Oxford},
      YEAR = {2010},
     PAGES = {xvi+311},
      ISBN = {978-0-19-923718-0},
   MRCLASS = {18-01 (03G30 18A25)},
  MRNUMBER = {2668552 (2011g:18001)},
}


@incollection {ML75,
    AUTHOR = {Martin-L{\"o}f, Per},
     TITLE = {An intuitionistic theory of types: predicative part},
 BOOKTITLE = {Logic {C}olloquium '73 ({B}ristol, 1973)},
     PAGES = {73--118. Studies in Logic and the Foundations of Mathematics,
              Vol. 80},
 PUBLISHER = {North-Holland, Amsterdam},
      YEAR = {1975},
   MRCLASS = {02C15 (02D99)},
  MRNUMBER = {0387009 (52 \#7856)},
MRREVIEWER = {Horst Luckhardt},
}


@incollection {MLTT73,
    AUTHOR = {Martin-L{\"o}f, Per},
     TITLE = {An intuitionistic theory of types: predicative part},
 BOOKTITLE = {Logic {C}olloquium '73 ({B}ristol, 1973)},
     PAGES = {73--118. Studies in Logic and the Foundations of Mathematics,
              Vol. 80},
 PUBLISHER = {North-Holland, Amsterdam},
      YEAR = {1975},
   MRCLASS = {02C15 (02D99)},
  MRNUMBER = {0387009 (52 \#7856)},
MRREVIEWER = {Horst Luckhardt},
}


@article {ML72,
    AUTHOR = {Martin-L{\"o}f, Per},
     TITLE = {An intuitionistic theory of types},
      YEAR = {1972},
   JOURNAL={\url{http://citeseerx.ist.psu.edu/viewdoc/download?doi=10.1.1.131.926&rep=rep1&type=pdf}}
}

@article {ML72,
    AUTHOR = {Martin-L{\"o}f, Per},
     TITLE = {An intuitionistic theory of types},
      YEAR = {1972},
   JOURNAL={\url{http://citeseerx.ist.psu.edu/viewdoc/download?doi=10.1.1.131.926&rep=rep1&type=pdf}}
}


@incollection {ML78,
    AUTHOR = {Martin-L{\"o}f, Per},
     TITLE = {Constructive mathematics and computer programming},
 BOOKTITLE = {Logic, methodology and philosophy of science, {VI}
              ({H}annover, 1979)},
    SERIES = {Stud. Logic Found. Math.},
    VOLUME = {104},
     PAGES = {153--175},
 PUBLISHER = {North-Holland, Amsterdam},
      YEAR = {1982},
   MRCLASS = {03F50 (03B70 03F55 68Q45)},
  MRNUMBER = {682410 (85d:03112)},
MRREVIEWER = {B. H. Mayoh},
       DOI = {10.1016/S0049-237X(09)70189-2},
       URL = {http://dx.doi.org/10.1016/S0049-237X(09)70189-2},
}

@incollection {MLTT79,
    AUTHOR = {Martin-L{\"o}f, Per},
     TITLE = {Constructive mathematics and computer programming},
 BOOKTITLE = {Logic, methodology and philosophy of science, {VI}
              ({H}annover, 1979)},
    SERIES = {Stud. Logic Found. Math.},
    VOLUME = {104},
     PAGES = {153--175},
 PUBLISHER = {North-Holland, Amsterdam},
      YEAR = {1982},
   MRCLASS = {03F50 (03B70 03F55 68Q45)},
  MRNUMBER = {682410 (85d:03112)},
MRREVIEWER = {B. H. Mayoh},
       DOI = {10.1016/S0049-237X(09)70189-2},
       URL = {http://dx.doi.org/10.1016/S0049-237X(09)70189-2},
}


@article {BergandGarner,
    AUTHOR = {van den Berg, Benno and Garner, Richard},
     TITLE = {Topological and simplicial models of identity types},
   JOURNAL = {ACM Trans. Comput. Log.},
  FJOURNAL = {ACM Transactions on Computational Logic},
    VOLUME = {13},
      YEAR = {2012},
    NUMBER = {1},
     PAGES = {Art. 3, 44},
      ISSN = {1529-3785},
   MRCLASS = {03B15 (03B40 18B30)},
  MRNUMBER = {2893018},
MRREVIEWER = {Philippe Gaucher},
       DOI = {10.1145/2071368.2071371},
       URL = {http://dx.doi.org/10.1145/2071368.2071371},
}



@article {Garner,
    AUTHOR = {Garner, Richard},
     TITLE = {Combinatorial structure of type dependency},
   JOURNAL = {J. Pure Appl. Algebra},
  FJOURNAL = {Journal of Pure and Applied Algebra},
    VOLUME = {219},
      YEAR = {2015},
    NUMBER = {6},
     PAGES = {1885--1914},
      ISSN = {0022-4049},
   MRCLASS = {03B15 (03G30)},
  MRNUMBER = {3299712},
       DOI = {10.1016/j.jpaa.2014.07.015},
       URL = {http://dx.doi.org/10.1016/j.jpaa.2014.07.015},
}



@incollection {Ahrens2012b,
    AUTHOR = {Ahrens, Benedikt},
     TITLE = {Initiality for typed syntax and semantics},
 BOOKTITLE = {Logic, language, information and computation},
    SERIES = {Lecture Notes in Comput. Sci.},
    VOLUME = {7456},
     PAGES = {127--141},
 PUBLISHER = {Springer, Heidelberg},
      YEAR = {2012},
   MRCLASS = {03B40 (68N18)},
  MRNUMBER = {3023185},
       DOI = {10.1007/978-3-642-32621-9_10},
       URL = {http://dx.doi.org/10.1007/978-3-642-32621-9_10},
}
		
@article {Ahrens2012a,
    AUTHOR = {Ahrens, Benedikt},
     TITLE = {Extended initiality for typed abstract syntax},
   JOURNAL = {Log. Methods Comput. Sci.},
  FJOURNAL = {Logical Methods in Computer Science},
    VOLUME = {8},
      YEAR = {2012},
    NUMBER = {2},
     PAGES = {2:01, 35},
      ISSN = {1860-5974},
   MRCLASS = {68Q65 (03B40)},
  MRNUMBER = {2914974},
MRREVIEWER = {Stefan Milius},
       DOI = {10.2168/LMCS-8(2:1)2012},
       URL = {http://dx.doi.org/10.2168/LMCS-8(2:1)2012},
}
		
@article {Ahrens2011,
    AUTHOR = {Ahrens, Benedikt and Zsid{\'o}, Julianna},
     TITLE = {Initial semantics for higher-order typed syntax in
              {$\ssf{Coq}$}},
   JOURNAL = {J. Formaliz. Reason.},
  FJOURNAL = {Journal of Formalized Reasoning},
    VOLUME = {4},
      YEAR = {2011},
    NUMBER = {1},
     PAGES = {25--69},
      ISSN = {1972-5787},
   MRCLASS = {68Q65 (68Q60 68T15)},
  MRNUMBER = {2842189 (2012i:68152)},
}

@article {Ahrens2016,
    AUTHOR = {Ahrens, Benedikt},
     TITLE = {Modules over relative monads for syntax and semantics},
   JOURNAL = {Math. Structures Comput. Sci.},
  FJOURNAL = {Mathematical Structures in Computer Science. A Journal in the
              Applications of Categorical, Algebraic and Geometric Methods
              in Computer Science},
    VOLUME = {26},
      YEAR = {2016},
    NUMBER = {1},
     PAGES = {3--37},
      ISSN = {0960-1295},
   MRCLASS = {68N18 (03B35)},
  MRNUMBER = {3426443},
MRREVIEWER = {M. S. Burgin},
       DOI = {10.1017/S0960129514000103},
       URL = {http://dx.doi.org/10.1017/S0960129514000103},
}

@article {HM2012,
    AUTHOR = {Hirschowitz, Andr{\'e} and Maggesi, Marco},
     TITLE = {Nested abstract syntax in {C}oq},
   JOURNAL = {J. Automat. Reason.},
  FJOURNAL = {Journal of Automated Reasoning},
    VOLUME = {49},
      YEAR = {2012},
    NUMBER = {3},
     PAGES = {409--426},
      ISSN = {0168-7433},
     CODEN = {JAREEW},
   MRCLASS = {03B40 (68T15)},
  MRNUMBER = {2966373},
       DOI = {10.1007/s10817-010-9207-9},
       URL = {http://dx.doi.org/10.1007/s10817-010-9207-9},
}
		
@article {HM2010,
    AUTHOR = {Hirschowitz, Andr{\'e} and Maggesi, Marco},
     TITLE = {Modules over monads and initial semantics},
   JOURNAL = {Inform. and Comput.},
  FJOURNAL = {Information and Computation},
    VOLUME = {208},
      YEAR = {2010},
    NUMBER = {5},
     PAGES = {545--564},
      ISSN = {0890-5401},
   MRCLASS = {68Q65},
  MRNUMBER = {2643073 (2011m:68176)},
       DOI = {10.1016/j.ic.2009.07.003},
       URL = {http://dx.doi.org/10.1016/j.ic.2009.07.003},
}
		
@incollection {HM2007,
    AUTHOR = {Hirschowitz, Andr{\'e} and Maggesi, Marco},
     TITLE = {Modules over monads and linearity},
 BOOKTITLE = {Logic, language, information and computation},
    SERIES = {Lecture Notes in Comput. Sci.},
    VOLUME = {4576},
     PAGES = {218--237},
 PUBLISHER = {Springer, Berlin},
      YEAR = {2007},
   MRCLASS = {03B40 (18C15)},
  MRNUMBER = {2406230},
       DOI = {10.1007/978-3-540-73445-1_16},
       URL = {http://dx.doi.org/10.1007/978-3-540-73445-1_16},
}
		
@incollection {Hirschowitz1995,
    AUTHOR = {Despeyroux, Jo{\"e}lle and Felty, Amy and Hirschowitz,
              Andr{\'e}},
     TITLE = {Higher-order abstract syntax in {C}oq},
 BOOKTITLE = {Typed lambda calculi and applications ({E}dinburgh, 1995)},
    SERIES = {Lecture Notes in Comput. Sci.},
    VOLUME = {902},
     PAGES = {124--138},
 PUBLISHER = {Springer, Berlin},
      YEAR = {1995},
   MRCLASS = {68T15 (03B40 68N15)},
  MRNUMBER = {1477979},
       DOI = {10.1007/BFb0014049},
       URL = {http://dx.doi.org/10.1007/BFb0014049},
}
		
@incollection {Hirschowitz1994,
    AUTHOR = {Despeyroux, Jo{\"e}lle and Hirschowitz, Andr{\'e}},
     TITLE = {Higher-order abstract syntax with induction in {C}oq},
 BOOKTITLE = {Logic programming and automated reasoning ({K}iev, 1994)},
    SERIES = {Lecture Notes in Comput. Sci.},
    VOLUME = {822},
     PAGES = {159--173},
 PUBLISHER = {Springer, Berlin},
      YEAR = {1994},
   MRCLASS = {68Q55 (03B35 68T15)},
  MRNUMBER = {1307838},
       DOI = {10.1007/3-540-58216-9_36},
       URL = {http://dx.doi.org/10.1007/3-540-58216-9_36},
}

@article {HM2008,
    AUTHOR = {Hirschowitz, Andr{\'e} and Maggesi, Marco},
     TITLE = {Higher Order Theories},
   JOURNAL = {\url{http://arxiv.org/abs/0704.2900}},
      YEAR = {2010},
}
		
@article {WarrenThesis,
    AUTHOR = {Michael Warren},
     TITLE = {Homotopy theoretic aspects of constructive type theory},
     SERIES={Ph.D. thesis, Carnegie Mellon University},
   JOURNAL = {\url{http://mawarren.net/papers/phd.pdf}},
      YEAR = {2008},
}

@incollection {Warreninfty,
    AUTHOR = {Warren, Michael A.},
     TITLE = {The strict {$\omega$}-groupoid interpretation of type theory},
 BOOKTITLE = {Models, logics, and higher-dimensional categories},
    SERIES = {CRM Proc. Lecture Notes},
    VOLUME = {53},
     PAGES = {291--340},
 PUBLISHER = {Amer. Math. Soc., Providence, RI},
      YEAR = {2011},
   MRCLASS = {03B15 (18D05)},
  MRNUMBER = {2867977},
}

@article {WarrenThesisProsp,
    AUTHOR = {Michael Warren},
     TITLE = {Homotopy Models of Intensional Type Theory},
     SERIES={Ph.D. thesis prospectus, Carnegie Mellon University},
   JOURNAL = {\url{http://mawarren.net/papers/prospectus.pdf}},
      YEAR = {2006},
}

@article {WarrenAwodey,
    AUTHOR = {Awodey, Steve and Warren, Michael A.},
     TITLE = {Homotopy theoretic models of identity types},
   JOURNAL = {Math. Proc. Cambridge Philos. Soc.},
  FJOURNAL = {Mathematical Proceedings of the Cambridge Philosophical
              Society},
    VOLUME = {146},
      YEAR = {2009},
    NUMBER = {1},
     PAGES = {45--55},
      ISSN = {0305-0041},
     CODEN = {MPCPCO},
   MRCLASS = {03B15 (03B35 18G99 55U35)},
  MRNUMBER = {2461866 (2010g:03020)},
MRREVIEWER = {Richard F. Blute},
       DOI = {10.1017/S0305004108001783},
       URL = {http://dx.doi.org/10.1017/S0305004108001783},
}

@article {GambinoGarner,
    AUTHOR = {Gambino, Nicola and Garner, Richard},
     TITLE = {The identity type weak factorisation system},
   JOURNAL = {Theoret. Comput. Sci.},
  FJOURNAL = {Theoretical Computer Science},
    VOLUME = {409},
      YEAR = {2008},
    NUMBER = {1},
     PAGES = {94--109},
      ISSN = {0304-3975},
     CODEN = {TCSDI},
   MRCLASS = {03B15 (68N18)},
  MRNUMBER = {2469279 (2011d:03011)},
       DOI = {10.1016/j.tcs.2008.08.030},
       URL = {http://dx.doi.org/10.1016/j.tcs.2008.08.030},
}

@article {vandenBergGarner2008,
    AUTHOR = {van den Berg, Benno and Garner, Richard},
     TITLE = {Type are weak $\omega$-groupoids},
   JOURNAL = {\url{http://arxiv.org/abs/0812.0298v1}},
      YEAR = {2008},
}



@article {vandenBergGarner2011,
    AUTHOR = {van den Berg, Benno and Garner, Richard},
     TITLE = {Types are weak {$\omega$}-groupoids},
   JOURNAL = {Proc. Lond. Math. Soc. (3)},
  FJOURNAL = {Proceedings of the London Mathematical Society. Third Series},
    VOLUME = {102},
      YEAR = {2011},
    NUMBER = {2},
     PAGES = {370--394},
      ISSN = {0024-6115},
   MRCLASS = {18D05 (03B15 18D50)},
  MRNUMBER = {2769118 (2011m:18010)},
MRREVIEWER = {Philippe Gaucher},
       DOI = {10.1112/plms/pdq026},
       URL = {http://dx.doi.org/10.1112/plms/pdq026},
}

@article {Garner2016a,
    AUTHOR = {Bourke, John and Garner, Richard},
     TITLE = {Algebraic weak factorisation systems {I}: {A}ccessible {AWFS}},
   JOURNAL = {J. Pure Appl. Algebra},
  FJOURNAL = {Journal of Pure and Applied Algebra},
    VOLUME = {220},
      YEAR = {2016},
    NUMBER = {1},
     PAGES = {108--147},
      ISSN = {0022-4049},
   MRCLASS = {18A32 (55U35)},
  MRNUMBER = {3393453},
MRREVIEWER = {Simion Sorin P. Breaz},
       DOI = {10.1016/j.jpaa.2015.06.002},
       URL = {http://dx.doi.org/10.1016/j.jpaa.2015.06.002},
}

@article {Garner2016b,
    AUTHOR = {Bourke, John and Garner, Richard},
     TITLE = {Algebraic weak factorisation systems {II}: {C}ategories of
              weak maps},
   JOURNAL = {J. Pure Appl. Algebra},
  FJOURNAL = {Journal of Pure and Applied Algebra},
    VOLUME = {220},
      YEAR = {2016},
    NUMBER = {1},
     PAGES = {148--174},
      ISSN = {0022-4049},
   MRCLASS = {18A32 (55U35)},
  MRNUMBER = {3393454},
MRREVIEWER = {Simion Sorin P. Breaz},
       DOI = {10.1016/j.jpaa.2015.06.003},
       URL = {http://dx.doi.org/10.1016/j.jpaa.2015.06.003},
}



@article{MLTT72,
author = {Martin-Lof, Per},
title = {Intuitionistic Theory of Types},
journal={https://github.com/michaelt/martin-lof/blob/master/pdfs/An-Intuitionistic-Theory-of-Types-1972.pdf},
year={1972},
}

@incollection {MLTT7295,
    AUTHOR = {Martin-L{\"o}f, Per},
     TITLE = {An intuitionistic theory of types},
 BOOKTITLE = {Twenty-five years of constructive type theory ({V}enice,
              1995)},
    SERIES = {Oxford Logic Guides},
    VOLUME = {36},
     PAGES = {127--172},
 PUBLISHER = {Oxford Univ. Press, New York},
      YEAR = {1998},
   MRCLASS = {03B15 (03F55)},
  MRNUMBER = {1686864},
}

@book {HoTTbook,
    AUTHOR = {The Univalent Foundations Program},
     TITLE = {Homotopy type theory---univalent foundations of mathematics},
 PUBLISHER = {The Univalent Foundations Program, Princeton, NJ; Institute
              for Advanced Study (IAS), Princeton, NJ},
      YEAR = {2013},
     PAGES = {xiv+589},
   MRCLASS = {03-02 (03B15 55U35)},
  MRNUMBER = {3204653},
MRREVIEWER = {Julio Rubio},
}


@inproceedings {GirardJY,
    AUTHOR = {Girard, Jean-Yves},
     TITLE = {Une extension de l'interpr\'etation de {G}\"odel \`a
              l'analyse, et son application \`a l'\'elimination des coupures
              dans l'analyse et la th\'eorie des types},
 BOOKTITLE = {Proceedings of the {S}econd {S}candinavian {L}ogic {S}ymposium
              ({U}niv. {O}slo, {O}slo, 1970)},
     PAGES = {63--92. Studies in Logic and the Foundations of Mathematics,
              Vol. 63},
 PUBLISHER = {North-Holland, Amsterdam},
      YEAR = {1971},
   MRCLASS = {02D99 (02C15 02B15)},
  MRNUMBER = {0409133 (53 \#12895)},
MRREVIEWER = {G. E. Minc},
}


@article {Church1940,
    AUTHOR = {Church, Alonzo},
     TITLE = {A formulation of the simple theory of types},
   JOURNAL = {J. Symbolic Logic},
  FJOURNAL = {The Journal of Symbolic Logic},
    VOLUME = {5},
      YEAR = {1940},
     PAGES = {56--68},
      ISSN = {0022-4812},
   MRCLASS = {02.0X},
  MRNUMBER = {0001931 (1,321d)},
MRREVIEWER = {H. B. Curry},
}


@incollection {ACU,
    AUTHOR = {Altenkirch, Thorsten and Chapman, James and Uustalu, Tarmo},
     TITLE = {Monads need not be endofunctors},
 BOOKTITLE = {Foundations of software science and computational structures},
    SERIES = {Lecture Notes in Comput. Sci.},
    VOLUME = {6014},
     PAGES = {297--311},
 PUBLISHER = {Springer, Berlin},
      YEAR = {2010},
   MRCLASS = {68N18 (18C15)},
  MRNUMBER = {2673183 (2012a:68040)},
       DOI = {10.1007/978-3-642-12032-9_21},
       URL = {http://dx.doi.org/10.1007/978-3-642-12032-9_21},
}


@article{ACU2,
 author    = {Thorsten Altenkirch and
              James Chapman and
              Tarmo Uustalu},
 title     = {Monads Need Not Be Endofunctors},
 journal   = {Logical Methods in Computer Science},
 volume    = {11},
 number    = {1:3},
 pages     = {1--40},
 year      = {2015},
 url       = 
{http://www.www.lmcs-online.org/ojs/viewarticle.php?id=946&layout=abstract},
doi= {10.2168/LMCS-11(1:3)2015},
}


@incollection {GambinoHyland,
    AUTHOR = {Gambino, Nicola and Hyland, Martin},
     TITLE = {Wellfounded trees and dependent polynomial functors},
 BOOKTITLE = {Types for proofs and programs},
    SERIES = {Lecture Notes in Comput. Sci.},
    VOLUME = {3085},
     PAGES = {210--225},
 PUBLISHER = {Springer, Berlin},
      YEAR = {2004},
   MRCLASS = {03B15 (03B40 18A15 18D15)},
  MRNUMBER = {2151336},
       DOI = {10.1007/978-3-540-24849-1_14},
       URL = {http://dx.doi.org/10.1007/978-3-540-24849-1_14},
}


@article {Seely1984,
    AUTHOR = {Seely, R. A. G.},
     TITLE = {Locally {C}artesian closed categories and type theory},
   JOURNAL = {Math. Proc. Cambridge Philos. Soc.},
  FJOURNAL = {Mathematical Proceedings of the Cambridge Philosophical
              Society},
    VOLUME = {95},
      YEAR = {1984},
    NUMBER = {1},
     PAGES = {33--48},
      ISSN = {0305-0041},
     CODEN = {MPCPCO},
   MRCLASS = {18D15 (03B15 03F55 03G30)},
  MRNUMBER = {727078},
MRREVIEWER = {S. B. Niefield},
       DOI = {10.1017/S0305004100061284},
       URL = {http://dx.doi.org/10.1017/S0305004100061284},
}

@article {ClairambaultDybjer2014,
    AUTHOR = {Clairambault, Pierre and Dybjer, Peter},
     TITLE = {The biequivalence of locally cartesian closed categories and
              {M}artin-{L}\"of type theories},
   JOURNAL = {Math. Structures Comput. Sci.},
  FJOURNAL = {Mathematical Structures in Computer Science. A Journal in the
              Applications of Categorical, Algebraic and Geometric Methods
              in Computer Science},
    VOLUME = {24},
      YEAR = {2014},
    NUMBER = {6},
     PAGES = {e240606, 54},
      ISSN = {0960-1295},
   MRCLASS = {03B15 (03B20 18A15)},
  MRNUMBER = {3272793},
MRREVIEWER = {Esfandiar Haghverdi},
       DOI = {10.1017/S0960129513000881},
       URL = {http://dx.doi.org/10.1017/S0960129513000881},
}

@book {Schubert,
    AUTHOR = {Schubert, Horst},
     TITLE = {Categories},
      NOTE = {Translated from the German by Eva Gray},
 PUBLISHER = {Springer-Verlag, New York-Heidelberg},
      YEAR = {1972},
     PAGES = {xi+385},
   MRCLASS = {18-02},
  MRNUMBER = {0349793},
}

@article {MatthesUustalu,
    AUTHOR = {Matthes, Ralph and Uustalu, Tarmo},
     TITLE = {Substitution in non-wellfounded syntax with variable binding},
   JOURNAL = {Theoret. Comput. Sci.},
  FJOURNAL = {Theoretical Computer Science},
    VOLUME = {327},
      YEAR = {2004},
    NUMBER = {1-2},
     PAGES = {155--174},
      ISSN = {0304-3975},
     CODEN = {TCSDI},
   MRCLASS = {68Q65 (18C50)},
  MRNUMBER = {2093519},
MRREVIEWER = {Alex K. Simpson},
       DOI = {10.1016/j.tcs.2004.07.025},
       URL = {http://dx.doi.org/10.1016/j.tcs.2004.07.025},
}


@article {Friedman1977,
    AUTHOR = {Friedman, Harvey},
     TITLE = {Set theoretic foundations for constructive analysis},
   JOURNAL = {Ann. of Math. (2)},
  FJOURNAL = {Annals of Mathematics. Second Series},
    VOLUME = {105},
      YEAR = {1977},
    NUMBER = {1},
     PAGES = {1--28},
      ISSN = {0003-486X},
   MRCLASS = {02E05 (02D99)},
  MRNUMBER = {0434784},
MRREVIEWER = {S. Feferman},
}

@incollection {Aczel1978,
    AUTHOR = {Aczel, Peter},
     TITLE = {The type theoretic interpretation of constructive set theory},
 BOOKTITLE = {Logic {C}olloquium '77 ({P}roc. {C}onf., {W}roc\l aw, 1977)},
    SERIES = {Stud. Logic Foundations Math.},
    VOLUME = {96},
     PAGES = {55--66},
 PUBLISHER = {North-Holland, Amsterdam-New York},
      YEAR = {1978},
   MRCLASS = {03F65 (03E70)},
  MRNUMBER = {519801},
MRREVIEWER = {Herman R. Jervell},
}


@article{awodey_natural_published,
  author = {Awodey, Steve},
  title = {Natural models of homotopy type theory},
  journal={Mathematical structures in computer science},
  pages={1--46},
  year = {2016}
}


@article {Friedman1973,
    AUTHOR = {Friedman, Harvey},
     TITLE = {The consistency of classical set theory relative to a set
              theory with intuitionistic logic},
   JOURNAL = {J. Symbolic Logic},
  FJOURNAL = {The Journal of Symbolic Logic},
    VOLUME = {38},
      YEAR = {1973},
     PAGES = {315--319},
      ISSN = {0022-4812},
   MRCLASS = {02D99 (02C15 02K05 02K10)},
  MRNUMBER = {0347565},
MRREVIEWER = {J. Myhill},
       DOI = {10.2307/2272068},
       URL = {http://dx.doi.org/10.2307/2272068},
}

@article {Church1932,
    AUTHOR = {Church, Alonzo},
     TITLE = {A set of postulates for the foundation of logic},
   JOURNAL = {Ann. of Math. (2)},
  FJOURNAL = {Annals of Mathematics. Second Series},
    VOLUME = {33},
      YEAR = {1932},
    NUMBER = {2},
     PAGES = {346--366},
      ISSN = {0003-486X},
   MRCLASS = {DML},
  MRNUMBER = {1503059},
       DOI = {10.2307/1968337},
       URL = {http://dx.doi.org/10.2307/1968337},
}


@article {Moggi,
    AUTHOR = {Moggi, Eugenio},
     TITLE = {Notions of computation and monads},
      NOTE = {Selections from the 1989 IEEE Symposium on Logic in Computer
              Science},
   JOURNAL = {Inform. and Comput.},
  FJOURNAL = {Information and Computation},
    VOLUME = {93},
      YEAR = {1991},
    NUMBER = {1},
     PAGES = {55--92},
      ISSN = {0890-5401},
   MRCLASS = {03B40 (03B70 18C20 68Q55)},
  MRNUMBER = {1115262},
MRREVIEWER = {Edmund Robinson},
       DOI = {10.1016/0890-5401(91)90052-4},
       URL = {http://dx.doi.org/10.1016/0890-5401(91)90052-4},
}

@incollection {Howard,
    AUTHOR = {Howard, W. A.},
     TITLE = {The formulae-as-types notion of construction (1969)},
 BOOKTITLE = {To H.B. Curry: Essays on Combinatory Logic, Lambda Calculus and Formalism},
     PAGES = {479--490},
 PUBLISHER = {Academic Press, Boston, MA},
      YEAR = {1980},
}


@book {FtoG,
    AUTHOR = {van Heijenoort, Jean},
     TITLE = {From {F}rege to {G}\"odel. {A} source book in mathematical
              logic, 1879--1931},
 PUBLISHER = {Harvard University Press, Cambridge, Mass.},
      YEAR = {1967},
     PAGES = {xi+660 pp. (1 plate)},
   MRCLASS = {02.00},
  MRNUMBER = {0209111},
MRREVIEWER = {R. C. Lyndon},
}


@article {2002Selinger,
    AUTHOR = {Selinger, Peter},
     TITLE = {The lambda calculus is algebraic},
   JOURNAL = {J. Funct. Programming},
  FJOURNAL = {Journal of Functional Programming},
    VOLUME = {12},
      YEAR = {2002},
    NUMBER = {6},
     PAGES = {549--566},
      ISSN = {0956-7968},
   MRCLASS = {03B40 (68N18)},
  MRNUMBER = {1941293},
MRREVIEWER = {Martin W. Bunder},
       DOI = {10.1017/S0956796801004294},
       URL = {http://dx.doi.org/10.1017/S0956796801004294},
}


@article {Schonfinkel1924,
    AUTHOR = {Schönfinkel, Moses},
     TITLE = {Über die Bausteine der mathematischen Logik},
   JOURNAL = {Math. Ann.},
    VOLUME = {92},
      YEAR = {1924},
     PAGES = {305 -- 316; Jbuch 50, 23},
      }

@article {Curry1930,
    AUTHOR = {Curry, H. B.},
     TITLE = {Grundlagen der {K}ombinatorischen {L}ogik},
   JOURNAL = {Amer. J. Math.},
  FJOURNAL = {American Journal of Mathematics},
    VOLUME = {52},
      YEAR = {1930},
    NUMBER = {4},
     PAGES = {789--834},
      ISSN = {0002-9327},
   MRCLASS = {DML},
  MRNUMBER = {1506785},
       DOI = {10.2307/2370716},
       URL = {http://dx.doi.org/10.2307/2370716},
}

@article {Adamek1974,
    AUTHOR = {Ad{\'a}mek, Ji{\v{r}}{\'{\i}}},
     TITLE = {Free algebras and automata realizations in the language of
              categories},
   JOURNAL = {Comment. Math. Univ. Carolinae},
  FJOURNAL = {Commentationes Mathematicae Universitatis Carolinae},
    VOLUME = {15},
      YEAR = {1974},
     PAGES = {589--602},
      ISSN = {0010-2628},
   MRCLASS = {18C15 (18B20 68A25)},
  MRNUMBER = {0352209},
MRREVIEWER = {E. G. Manes},
}


@article {Barr1970,
    AUTHOR = {Barr, Michael},
     TITLE = {Coequalizers and free triples},
   JOURNAL = {Math. Z.},
  FJOURNAL = {Mathematische Zeitschrift},
    VOLUME = {116},
      YEAR = {1970},
     PAGES = {307--322},
      ISSN = {0025-5874},
   MRCLASS = {18.10},
  MRNUMBER = {0272849},
MRREVIEWER = {J. L. Palmquist},
       DOI = {10.1007/BF01111838},
       URL = {http://dx.doi.org/10.1007/BF01111838},
}


@inproceedings{AM2016,
  author    = {Benedikt Ahrens and
               Ralph Matthes},
  editor    = {Tarmo Uustalu},
  title     = {Heterogeneous Substitution Systems Revisited},
  booktitle = {21st International Conference on Types for Proofs and Programs, {TYPES}
               2015, May 18-21, 2015, Tallinn, Estonia},
  series    = {LIPIcs},
  volume    = {69},
  pages     = {2:1--2:23},
  publisher = {Schloss Dagstuhl - Leibniz-Zentrum f{\"{u}}r Informatik},
  year      = {2015},
  url       = {https://doi.org/10.4230/LIPIcs.TYPES.2015.2},
  doi       = {10.4230/LIPIcs.TYPES.2015.2},
  timestamp = {Tue, 11 Feb 2020 15:52:14 +0100},
  biburl    = {https://dblp.org/rec/conf/types/AhrensM15.bib},
  bibsource = {dblp computer science bibliography, https://dblp.org}
}

@article{AMM2016,
  author    = {Benedikt Ahrens and
               Ralph Matthes and
               Anders M{\"{o}}rtberg},
  title     = {From {S}ignatures to {M}onads in {U}ni{M}ath},
  journal   = {J. Autom. Reason.},
  volume    = {63},
  number    = {2},
  pages     = {285--318},
  year      = {2019},
  url       = {https://doi.org/10.1007/s10817-018-9474-4},
  doi       = {10.1007/s10817-018-9474-4},
  timestamp = {Wed, 02 Sep 2020 13:30:02 +0200},
  biburl    = {https://dblp.org/rec/journals/jar/AhrensMM19.bib},
  bibsource = {dblp computer science bibliography, https://dblp.org}
}

@phdthesis{Zsido,
  TITLE = {{Typed Abstract Syntax}},
  AUTHOR = {Zsido, Julianna},
  URL = {https://tel.archives-ouvertes.fr/tel-00535944},
  SCHOOL = {{Universit{\'e} Nice Sophia Antipolis}},
  YEAR = {2010},
  MONTH = Jun,
  KEYWORDS = {abstract syntax ; Lambda calculus ; variable binding ; category theory ; type theory ; syntaxe abstraite ; Lambda-Calcul ; liaison de variables ; th{\'e}orie des cat{\'e}gories ; th{\'e}orie des types},
  TYPE = {Theses},
  PDF = {https://tel.archives-ouvertes.fr/tel-00535944/file/phdthesis.pdf},
  note = {\url{https://tel.archives-ouvertes.fr/tel-00535944/}},
  HAL_ID = {tel-00535944},
  HAL_VERSION = {v1},
}

@incollection{Ahrens20162,
AUTHOR={Ahrens, Benedikt},
Title = {Some wellfounded trees in UniMath},
Booktitle = {Proceedings of ICMS 2016},
Pages = {9--17},
Publisher = {Springer},
Series = {LNCS},
Number = {9725}, 
Year = {2016},
}

@article{ahrens-latest,
   author = {Ahrens, Benedikt and Emmenegger, Jacopo and North, Paige Randall and Rijke, Egbert},
   title = {{B}-systems and {C}-systems are equivalent},
   url={http://arxiv.org/abs/2111.09948},
   note = {\url{http://arxiv.org/abs/2111.09948}},
   year = {2021}
}

@ARTICLE{AMM2017_obs,
    AUTHOR={Ahrens, Benedikt  and Matthes, Ralph  and Mörtberg, Anders},
    TITLE={Monads from multi-sorted binding signatures},
    NOTE={Work in progress}
}

@inproceedings{DBLP:conf/cpp/AhrensMM22,
  author    = {Benedikt Ahrens and
               Ralph Matthes and
               Anders M{\"{o}}rtberg},
  editor    = {Andrei Popescu and
               Steve Zdancewic},
  title     = {Implementing a category-theoretic framework for typed abstract syntax},
  booktitle = {{CPP} '22: 11th {ACM} {SIGPLAN} International Conference on Certified
               Programs and Proofs, Philadelphia, PA, USA, January 17 - 18, 2022},
  pages     = {307--323},
  publisher = {{ACM}},
  year      = {2022},
  url       = {https://doi.org/10.1145/3497775.3503678},
  doi       = {10.1145/3497775.3503678},
  timestamp = {Mon, 17 Jan 2022 10:05:08 +0100},
  biburl    = {https://dblp.org/rec/conf/cpp/AhrensMM22.bib},
  bibsource = {dblp computer science bibliography, https://dblp.org}
}


@ARTICLE{ALV1,
AUTHOR={Ahrens, Benedikt  and Lumsdaine, Peter Le Fanu and Voevodsky, Vladimir},
TITLE={Categorical structures for type theory in univalent foundations},
JOURNAL={\url{https://arxiv.org/abs/1705.04310}},
YEAR={2017}}

@article{birkhoff1935, title={On the Structure of Abstract Algebras}, volume={31}, DOI={10.1017/S0305004100013463}, number={4}, journal={Mathematical Proceedings of the Cambridge Philosophical Society}, publisher={Cambridge University Press}, author={Birkhoff, Garrett}, year={1935}, pages={433–454}}


@incollection {Linton1966,
    AUTHOR = {Linton, F. E. J.},
     TITLE = {Some aspects of equational categories},
 BOOKTITLE = {Proc. {C}onf. {C}ategorical {A}lgebra ({L}a {J}olla, {C}alif.,
              1965)},
     PAGES = {84--94},
 PUBLISHER = {Springer, New York},
      YEAR = {1966},
   MRCLASS = {18.10},
  MRNUMBER = {0209335},
MRREVIEWER = {R. L. Knighten},
}

@incollection {Hamana2011,
    AUTHOR = {Hamana, Makoto},
     TITLE = {Polymorphic abstract syntax via {G}rothendieck construction},
 BOOKTITLE = {Foundations of software science and computational structures},
    SERIES = {Lecture Notes in Comput. Sci.},
    VOLUME = {6604},
     PAGES = {381--395},
 PUBLISHER = {Springer, Heidelberg},
      YEAR = {2011},
   MRCLASS = {68Q65},
  MRNUMBER = {2813623},
       DOI = {10.1007/978-3-642-19805-2_26},
       URL = {http://dx.doi.org/10.1007/978-3-642-19805-2_26},
}

@incollection {PowerTanaka,
    AUTHOR = {Power, John and Tanaka, Miki},
     TITLE = {Binding signatures for generic contexts},
 BOOKTITLE = {Typed lambda calculi and applications},
    SERIES = {Lecture Notes in Comput. Sci.},
    VOLUME = {3461},
     PAGES = {308--323},
 PUBLISHER = {Springer, Berlin},
      YEAR = {2005},
   MRCLASS = {03B40 (18D10 18F20)},
  MRNUMBER = {2188774},
       DOI = {10.1007/11417170_23},
       URL = {http://dx.doi.org/10.1007/11417170_23},
}

@article {FioreHur2009,
    AUTHOR = {Fiore, Marcelo and Hur, Chung-Kil},
     TITLE = {On the construction of free algebras for equational systems},
   JOURNAL = {Theoret. Comput. Sci.},
  FJOURNAL = {Theoretical Computer Science},
    VOLUME = {410},
      YEAR = {2009},
    NUMBER = {18},
     PAGES = {1704--1729},
      ISSN = {0304-3975},
   MRCLASS = {18C05 (03B70 03C05 18C10)},
  MRNUMBER = {2508528},
MRREVIEWER = {Anna Labella},
       DOI = {10.1016/j.tcs.2008.12.052},
       URL = {http://dx.doi.org/10.1016/j.tcs.2008.12.052},
}


